3752 5792
262 467 292 510 rr
939 429 1150 494 PnAErArro.

261 601 291 643 ut
301 583 444 660 compleas
456 598 580 649 versum,
596 577 682 636 iacias
694 573 726 635 to
737 573 769 633 lb
781 569 892 654 δάκρυτε
904 565 945 627 σά.
955 567 1015 622 Ve-

260 694 322 732 rum
334 691 423 750 qumn
442 670 490 728 alii
509 667 635 726 habeant
651 661 843 742 πολυδάκρυτε,
858 659 913 716 boo
926 673 1015 714 vooa-
1058 651 1089 713 iu
1100 649 1274 709 editionibus
1283 651 1430 728 AEsohyli:
1454 643 1458 652 ’

260 765 359 824 bulum
375 761 452 820 haud
468 777 550 818 secus
567 774 654 833 quam
671 751 743 810 illud
762 751 841 826 prius
851 744 1016 825 τανδάιιρυτι

260 855 412 934 explicatio
425 850 589 911 Scholiastae
600 864 661 903 esse
677 842 747 900 mihi
758 839 913 899 videbatur
923 834 1016 896 aliud-⁴

261 965 318 1023 que
330 942 371 1000 ibi
389 942 478 998 latere
492 935 582 1012 magis
598 928 777 990 reconditum
797 939 826 986 et
845 925 1016 989 inusitatius.

260 1039 357 1106 Quum
375 1030 463 1106 igitur
483 1031 683 1101 suggereretur
693 1014 835 1098 πάνδυρτε,
853 1033 913 1074 non
933 1011 1019 1069 dubo.

261 1121 319 1179 tavi
334 1117 406 1178 illud
423 1116 568 1174 asciscere.

300 1211 356 1284 984
368 1208 454 1282 vulgo
466 1201 587 1262 δύστονα.
597 1198 654 1258 Sed
667 1216 758 1274 quum
767 1195 918 1270 utriusque·
926 1191 1020 1248 luctus

262 1297 413 1366 indicetur,
426 1291 531 1351 δίστονα
544 1285 728 1348 scribendum
739 1293 790 1341 est.

301 1405 360 1462 99ο
374 1396 478 1441 ceterae
487 1379 645 1438 editiones:
657 1371 689 1432 ob
702 1370 789 1431 τοίνυν
804 1359 889 1434 alodo.

302 1473 370 1549 996.
384 1472 555 1545 Plerumque
567 1465 629 1522 haec
641 1465 697 1522 ita:

576 1564 706 1614 ῙΣΜΗΝΗ.

657 1633 689 1695 ib
706 1629 777 1694 acad

343 1727 447 1807 δώμασι
458 1725 502 1788 acal
513 1723 604 1806 χθονά,
616 1723 668 1808 πρδ
681 1723 787 1783 πάντων
802 1720 828 1778 δι
836 1713 903 1796 ipoi.

304 1850 359 1906 99¹
379 1823 535 1902 δυσπότμων
549 1843 586 1888 ex
604 1821 687 1880 codd.
701 1831 842 1878 enotatur.
855 1813 911 1872 Alii
928 1807 1024 1869 δυστά-

263 1942 314 1977 νων
332 1913 539 1982 vellusculum,
554 1911 634 1990 quod
654 1909 745 1968 estin
767 1905 866 1966 codice
884 1900 1023 1960 Mediceo.

264 2007 386 2084 Reliqua
400 2005 569 2083 plerumque
581 2001 621 2060 itu
633 2001 767 2076 leguntur
779 2017 787 2056 τ

581 2105 712 2155 intenuit.

344 2178 388 2242 'lb
404 2175 450 2251 tia,
465 2175 593 2236 δυστόνων
611 2177 708 2233 κακῶν.

562 2263 727 2314 ΑΝῊΓΟΝΗ.

345 2337 389 2401 ’lb
404 2336 468 2407 ἄναξ
484 2333 631 2399 Ἔτεάκλεις
645 2328 788 2413 ἀρχηγέτα.

579 2423 709 2472 ΙΣΜΗΝΗ.

346 2497 390 2560 Ἰὼ
401 2497 507 2558 πάντων
521 2491 744 2556 πολυπονάντατοι.

563 2581 727 2633 ΔΝΤΙΓΟΝΗ.

347 2656 391 2720 ’lb
405 2657 578 2734 δαιμονῶντες
589 2655 616 2712 ἐν
632 2652 690 2732 deq.

580 2739 712 2792 lfflllllll.

346 2815 391 2879 'lb
407 2813 456 2890 lb,
467 2819 519 2876 ποῦ
535 2835 584 2898 ope
599 2811 716 2891 θήσομεν
727 2803 838 2892 quotide,

309 2934 384 2999 ¹⁰47
401 2924 486 3000 vulgo
498 2921 559 2994 ἤδη.

313 3034 386 3087 1⁰7⁰
399 3033 457 3072 uon
472 3007 664 3074 dubitandum
678 3005 749 3084 quin
760 2999 901 3079 Καδμείων
916 2998 960 3056 vel
973 3015 1028 3074 po-

270 3107 326 3164 tius
337 3102 499 3178 Καδμογτντῖ
519 3099 550 3156 iu
570 3095 704 3156 omnibus
718 3090 867 3151 codicibus
879 3085 1027 3149 exciderit.

595 3234 705 3252 φ·-

557 3283 722 3390 'eumn

308 3472 455 3544 Perpauoa
465 3473 532 3524 sunt
544 3480 607 3538 quae
617 3456 726 3522 mutari
739 3456 769 3513 in
778 3453 880 3523 Persis,
892 3471 951 3510 non
970 3470 1032 3528 quo

269 3555 438 3634 tragaediam
455 3550 641 3628 integriorem
657 3557 799 3604 servatam
819 3555 964 3620 putarem,
979 3541 1029 3598 sed

268 3648 337 3724 quia
352 3644 489 3724 pleraque
497 3639 656 3700 incertiora
668 3647 751 3693 erunt
761 3653 848 3712 quam
863 3644 895 3688 ut
907 3631 1029 3707 receptis

268 3734 420 3814 scripturis
433 3729 605 3796 substituere
624 3724 745 3783 mallem.
760 3723 793 3781 ln
806 3740 865 3799 quo
875 3739 934 3777 nou
946 3719 1029 3779 silen-

269 3826 339 3884 dum
357 3819 468 3884 estduo
479 3837 572 3882 novos
587 3814 700 3876 codices
710 3831 772 3870 esse
784 3811 902 3869 collatos
914 3827 938 3864 a.
954 3809 1026 3882 1817

268 3919 371 3974 Romae
382 3905 571 3970 etFloreutiae
588 3900 804 3964 aCollectiouis
818 3897 904 3974 hujus
913 3907 1030 3954 auctore

268 3999 399 4060 Firmino
415 3995 502 4060 Didot
521 4013 557 4051 ex
578 3992 689 4049 Graeoia
713 3987 882 4058 revertenti,
905 4004 1029 4062 quorum

268 4101 371 4148 neuter
378 4098 422 4146 est
430 4080 581 4162 ejusmodi,
589 4079 704 4142 utinter
712 4075 922 4154 praestantiores
929 4074 1031 4135 referri

269 4191 382 4259 posset3
395 4189 491 4236 tameo
504 4186 626 4247 uterque
636 4187 693 4225 non
705 4179 747 4225 est
755 4165 875 4229 inutilis.
890 4169 985 4242 Atque
999 4165 1029 4222 id

270 4267 387 4345 quidem
408 4264 475 4325 satis
496 4270 663 4338 opportune
673 4255 744 4313 mihi
758 4253 948 4330 acciditquod
959 4255 1031 4310 alter

270 4376 329 4416 uno
341 4353 444 4418 saltem
451 4353 524 4422 loco,
533 4369 561 4407 ν.
574 4343 844 4422 576,conjecturam
859 4361 949 4403 meam
959 4361 1030 4399 con-

229 4495 236 4514 ,
270 4443 403 4501 firmavit.

314 4533 367 4605 167
382 4529 474 4591 ὅσσνα
491 4523 664 4604 quibusdam
684 4521 851 4591 causaliter,
869 4518 1033 4592 utdicunt,

271 4621 430 4698 accipitur,
444 4615 476 4674 ut
496 4612 575 4693 quod
593 4612 687 4670 minus
702 4609 850 4672 sententiae
864 4607 1029 4685 adaptatum

270 4721 322 4768 est.
378 4734 387 4758 ν

313 4797 369 4855 386
381 4797 437 4874 ἠχῇ
450 4805 493 4852 est
506 4792 535 4852 in
546 4790 664 4869 optimis
677 4787 825 4846 codicibus
838 4799 866 4844 et
883 4784 1033 4862 plurimis,

272 4885 357 4965 puerei
370 4886 448 4962 iique
457 4880 615 4940 deteriores
625 4877 733 4936 habent
745 4879 814 4954 ἠχεῖ.
822 4874 957 4935 Editores
969 4875 1031 4952 ἠχοῖ

274 4973 476 5054 praetulerunt,
492 4989 544 5046 ego
558 4967 672 5026 codices
684 4963 845 5042 sequendos
861 4962 940 5022 duxi.

313 5062 368 5133 571
387 5057 509 5140 ἔρρανται
520 5070 638 5116 auctore
653 5059 818 5112 Hermanno
832 5052 889 5109 huo
903 5063 1032 5127 transpo-

272 5150 358 5207 situm
368 5159 420 5218 est,
431 5165 521 5224 quum
530 5145 561 5206 in
572 5143 720 5202 codicibus
731 5153 798 5219 post
805 5159 833 5197 ν.
843 5141 899 5198 580
907 5157 1031 5220 reperta·

274 5248 337 5296 tur:
350 5233 436 5304 τοκέες
448 5233 558 5300 ἄπαιδες
568 5231 692 5314 ipponensi
703 5228 815 5308 δαιμόνι’
827 5226 890 5306 ἄχη.
944 5231 946 5238 ’

1176 755 1244 836 llepl
1256 765 1291 838 τᾷ
1304 765 1339 838 σᾷ
1352 755 1448 834 δίδυμα

1178 844 1289 922 διάγοιεν
1306 843 1422 925 άμάρτια

1177 929 1250 1012 πάσογ
1263 939 1298 1015 γᾷ
1309 939 1344 1014 σᾷ
1357 931 1430 991 τάδε.

1062 1045 1182 1106 Correxi
1196 1043 1289 1123 διάγοι’
1305 1043 1353 1118 dv,
1373 1047 1440 1124 quia
1456 1045 1529 1104 illud
1542 1045 1654 1125 διάγοιεν
1668 1046 1729 1105 eine
1738 1065 1830 1104 senso

1062 1147 1115 1192 est.
1131 1139 1168 1192 Et
1187 1131 1272 1210 διάγοι
1285 1133 1421 1194 aDidoto
1433 1136 1464 1198 iu
1477 1135 1577 1193 codice
1592 1135 1758 1194 Florentino
1776 1153 1829 1192 re-

1063 1234 1246 1302 pammeu.

1104 1310 1161 1386 598
1178 1308 1291 1392 ἔμπορος
1311 1309 1486 1387 optimorum
1504 1310 1637 1368 codicum
1658 1310 1832 1369 auctoritate

1064 1399 1175 1469 nititur,
1188 1417 1361 1476 quamquam
1373 1397 1531 1456 Scholiasta
1543 1397 1661 1458 alteram
1674 1399 1833 1458 lectionem

1065 1485 1185 1566 δμπεφος
1198 1485 1336 1562 explicat,
1356 1505 1420 1562 quaa
1433 1485 1534 1544 itidem
1550 1487 1581 1544 in
1593 1483 1765 1564 quibusdam
1776 1505 1832 1542 co.-

1066 1575 1177 1633 dicibus
1198 1575 1291 1652 iisque
1315 1574 1508 1633 deterioribus
1533 1574 1688 1652 reperitur.
1722 1573 1829 1650 Aptior

1067 1677 1161 1726 tamen
1176 1683 1233 1722 νοιι
1248 1675 1290 1721 est
1303 1663 1387 1736 loco,
1404 1680 1463 1739 quo
1477 1662 1615 1744 pleraque
1630 1673 1698 1722 sunt
1709 1660 1746 1720 de
1758 1664 1831 1721 mari

1066 1765 1174 1820 sumta,
1185 1751 1332 1828 multoque
1350 1762 1394 1808 est
1407 1751 1504 1807 versui
1520 1747 1737 1808 convenientior
1751 1761 1782 1806 et
1797 1749 1833 1806 ad

1067 1840 1267 1918 explicandum
1287 1839 1440 1897 difficilior.
1457 1843 1558 1915 Neque
1577 1836 1659 1895 facile
1678 1837 1833 1914 quisquam

1067 1928 1189 2000 diruerit,
1205 1927 1368 2006 quomodo,
1386 1928 1410 1984 si
1423 1924 1544 2004 ἔμπειρος
1555 1926 1592 1984 ab
1606 1926 1744 2002 AEschylo
1755 1928 1831 1984 sori-

1069 2031 1151 2097 ptum
1163 2017 1270 2087 suisset,
1281 2015 1311 2074 in
1325 2011 1439 2094 ἔμπορος
1453 2015 1533 2074 abire
1547 2014 1682 2092 potuerit.

1111 2125 1167 2180 710
1177 2104 1267 2163 codex
1278 2103 1426 2161 Mediceus
1435 2106 1471 2170 ὡς
1480 2101 1528 2169 ἕως
1538 2102 1562 2161 τ’
1571 2099 1717 2166 Abesse
1731 2108 1834 2180 ltaque

1070 2214 1159 2272 quum
1172 2193 1228 2250 hoc
1239 2187 1287 2256 ἕως
1298 2189 1323 2249 τ’
1336 2188 1409 2248 bene
1422 2188 1611 2268 responderet
1620 2188 1730 2248 voculis
1740 2195 1786 2248 νῦν
1797 2213 1835 2264 τε,

1070 2302 1134 2360 quae
1147 2291 1315 2356 sequnntur,
1330 2277 1489 2336 Medioeum
1500 2275 1676 2353 sequendum
1690 2277 1771 2335 duxi.

1111 2369 1167 2426 815
1183 2367 1295 2426 codices
1309 2364 1416 2423 habent
1425 2361 1622 2438 ἔιιταιδεάεται,
1646 2365 1682 2423 de
1695 2385 1754 2442 quo
1767 2365 1833 2423 vide

1070 2455 1309 2535 labusupplem.
1321 2455 1425 2514 Annal.
1441 2455 1513 2514 Phil.
1531 2455 1616 2524 1836,
1629 2455 1695 2512 saec.
1707 2457 1733 2512 3.

1073 2635 1107 2693 33
1111 2567 1198 2690 ἔσσο.
1216 2544 1290 2605 ride
1306 2547 1501 2608 Hermannum
1524 2548 1633 2629 Opusc.
1650 2544 1708 2602 vol.
1729 2548 1772 2601 iv
1780 2587 1790 2619 ,
1808 2564 1826 2622 p

1862 85 1863 140 l

1862 159 1863 202 ι

1098 561 1165 634 676.
1179 545 1247 620 llaec
1267 563 1307 622 ita
1320 563 1493 642 plerumque
1509 534 1822 644 seriora'reperiuntur

1336 2793 1569 2864 AGAMEMNO.

1096 2925 1279 2998 1.Nunquam
1289 2915 1536 2995 mibipersuudere
1545 2912 1676 2992 poterint
1685 2911 1835 2972 custodem
1862 2891 1863 2980 l

1072 3009 1133 3066 sine
1142 3008 1201 3066 ulla
1210 3007 1321 3065 ratione
1329 3005 1411 3082 loqui
1421 3015 1562 3079 putarem,
1575 3001 1733 3079 praesertim
1744 3021 1835 3078 quum
1862 2981 1863 3046 l

1072 3083 1229 3166 accederet,
1240 3094 1317 3172 quod
1333 3092 1405 3150 illud
1419 3088 1459 3148 lob
1475 3087 1525 3164 ἰού,
1538 3087 1616 3166 quod
1628 3107 1664 3146 ex
1677 3108 1704 3145 ν.
1719 3089 1756 3146 25
1770 3101 1837 3146 ante
1862 3131 1863 3160 γ

1073 3204 1100 3242 ν.
1122 3205 1158 3240 aa
1180 3181 1386 3261 transpositum
1408 3191 1452 3240 est
1473 3176 1510 3236 ab
1532 3180 1714 3249 Hermanno,
1736 3196 1774 3238 ne
1798 3177 1839 3234 sio

1072 3273 1189 3351 quidem
1201 3267 1488 3330 commodumlocum
1498 3264 1649 3322 obtineret.
1662 3269 1757 3339 Atque
1766 3265 1836 3321 illud

1073 3363 1190 3441 quidem
1206 3375 1249 3428 est
1263 3380 1382 3442 prorsus
1396 3369 1496 3418 eontra
1510 3353 1749 3412 consuetudinem
1763 3356 1838 3412 Grae
1862 3363 1863 3368 ’

1073 3473 1188 3524 corum,
1207 3464 1240 3510 ut
1255 3447 1363 3526 aliquid
1382 3447 1424 3506 ita
1441 3443 1538 3503 subito
1551 3439 1736 3508 introducant
1751 3454 1785 3498 ut
1798 3456 1836 3500 est
1862 3437 1863 3440 ’

1073 3541 1208 3620 splendor
1225 3539 1345 3596 flammae
1364 3555 1381 3594 e
1399 3533 1557 3610 longinquo
1571 3531 1648 3587 visae.
1668 3534 1769 3605 ltaque
1786 3531 1835 3587 du·
1862 3531 1863 3546 ¹

1072 3627 1222 3688 bitundum
1235 3644 1364 3684 essenon
1379 3621 1478 3700 putavi
1495 3621 1564 3697 quin
1577 3619 1693 3680 flamma
1705 3616 1740 3674 ab
1755 3617 1838 3675 initio

1073 3717 1167 3777 statim
1178 3726 1331 3792 conspectu
1339 3713 1376 3768 sit
1384 3730 1441 3768 non
1451 3727 1554 3785 magna
1564 3707 1693 3779 sortasse,
1703 3719 1732 3764 at
1743 3718 1837 3764 tamen

1074 3806 1136 3864 talis
1162 3803 1254 3882 qualis
1274 3801 1383 3861 indicio
1402 3811 1488 3875 capte
1507 3794 1588 3853 urbis
1613 3813 1674 3854 esse
1700 3796 1836 3870 potnerit.

1072 3901 1170 3970 Quare
1180 3893 1262 3951 facile
1275 3887 1454 3964 intelligitur,
1470 3879 1616 3961 quomodo
1629 3880 1734 3937 factum
1745 3881 1793 3952 sit,
1809 3895 1836 3938 ιιι

1072 3983 1211 4042 orationis
1232 3993 1314 4043 tenor
1330 3990 1358 4038 et
1374 3975 1452 4034 calor
1468 3975 1500 4031 in
1517 3971 1601 4029 initio
1622 3979 1651 4026 et
1664 3970 1743 4025 exitu
1762 3969 1837 4026 idem

1073 4075 1110 4131 sit
1134 4092 1228 4150 neque
1255 4069 1374 4126 nuncius
1393 4063 1496 4142 gaudio
1519 4057 1690 4136 abripiatur.
1719 4057 1838 4116 Retiuui
1862 4055 1863 4060 ¹

1073 4162 1160 4240 igitur
1171 4157 1210 4217 lob
1219 4155 1259 4225 tet
1270 4156 1321 4215 illo
1331 4155 1407 4228 loco,
1418 4169 1477 4228 quo
1490 4150 1518 4205 iu
1528 4145 1676 4208 codicibus
1685 4145 1837 4220 reperitur.
1862 4175 1863 4212 γ

1112 4255 1232 4306 Versum
1251 4267 1286 4304 ro
1301 4240 1415 4305 reddidi
1430 4239 1532 4309 latine,
1557 4245 1588 4290 nt
1613 4232 1718 4303 solcnt3
1740 4234 1837 4289 nescio
1862 4213 1863 4248 ¹

1074 4349 1169 4394 tamen
1185 4355 1221 4392 an
1238 4333 1343 4391 rectius
1357 4331 1398 4388 ita
1411 4339 1504 4385 vertas
1523 4345 1530 4380 :
1551 4321 1610 4378 «sie
1623 4320 1698 4378 euim
1716 4317 1836 4377 fidenter
1862 4319 1863 4388 l

1073 4425 1184 4481 animus
1198 4419 1325 4478 mulieris
1335 4428 1461 4494 sperat.»

1116 4531 1167 4569 ror
1187 4507 1301 4576 eulrooe'
1318 4505 1481 4581 conjectura
1502 4511 1595 4563 ortum
1612 4505 1663 4554 est.
1679 4492 1759 4558 Libri
1774 4493 1837 4574 pai⁴

1074 4600 1153 4665 uouo'.
1862 4585 1863 4638 l

1117 4708 1172 4747 toa
1195 4699 1224 4746 et
1255 4687 1308 4743 103
1336 4671 1542 4744 dalamantia
1567 4669 1726 4750 θυμόφδορον
1753 4666 1837 4739 λάπης
1862 4653 1863 4660 ¹

1075 4777 1162 4860 φρένα.
1175 4773 1286 4833 codices
1302 4769 1445 4850 praebent,
1460 4764 1491 4822 id
1515 4759 1594 4838 quod
1610 4759 1658 4818 alii
1674 4758 1758 4817 aliter
1769 4777 1837 4814 eor·
1862 4829 1863 4838 γ

1074 4877 1220 4926 rexerunt.
1269 4909 1274 4920 .

1118 4975 1172 5012 rao
1190 4948 1291 5015 δισσοὺς
1310 4943 1550 5004 «dissentientes»
1573 4936 1725 5014 explicant.
1739 4934 1837 4992 Minus

1075 5058 1161 5106 recte.
1176 5041 1292 5101 Calchas
1309 5055 1399 5114 quum
1417 5031 1536 5090 vidisset
1547 5028 1618 5085 duas
1631 5023 1741 5100 aquilas
1750 5022 1836 5099 lepo·

1075 5153 1135 5191 rem
1153 5132 1337 5198 devorantes,
1363 5124 1436 5181 duos
1452 5116 1567 5180 Atridas
1585 5116 1619 5172 in
1639 5111 1688 5170 illo
1715 5111 1834 5188 augurio

1074 5221 1189 5302 ognovit
1213 5215 1330 5294 Trojam
1353 5213 1557 5271 devastaturus.
1585 5203 1664 5264 Perit
1681 5214 1832 5274 compara..
