3742 5784
525 436 736 506 soanocats
755 433 1008 498 FRAGMENTA.

6 576 221 658 Stephanus:
235 581 340 662 χώρα...
355 575 407 638 aaa
421 578 466 634 τοῦ
478 572 553 658 χόιρα
569 573 694 657 χωρίτης.
711 572 799 652 Συρο-

11 672 99 744 *λῆς
114 675 190 750 Αἰγεῖ
201 694 209 708 ·
653 695 656 702 .

11 809 119 892 [540]
135 787 302 890 Εκλιίομεν·
320 797 375 862 οὐκ
390 794 485 888 ἔγωγε
496 789 627 884 χωρίτην
645 789 672 854 σ’
689 792 762 880 δρῶ.

16 931 151 1005 Edicit,
168 930 245 989 unde
260 928 378 1002 uenerit,
392 925 480 986 Tauri
495 924 667 984 mentionem
684 921 801 988 iaciens,

17 1033 60 1078 nt
78 1032 125 1078 est
138 1018 217 1097 apud
230 1016 398 1099 Athenaeum
412 1017 464 1089 lli,
474 1034 503 1093 p.
517 1031 582 1089 aaa,
592 1016 630 1072 T:
641 1009 681 1071 Τὸ
687 1008 715 1069 δὲ
723 1005 803 1092 [541]

20 1135 33 1154 ·
47 1107 81 1166 T
84 1105 191 1187 αόρειον
204 1103 274 1183 ὕδωρ
290 1131 302 1156 κ
321 1101 443 1183 ὠνόμασε
459 1102 597 1184 Σοφοκλῆς
613 1100 639 1159 δν
654 1101 729 1178 Αἰγεῖ
744 1097 803 1174 (εο-

20 1195 117 1253 dices
129 1197 158 1253 ἐν
169 1193 227 1273 γαι)
238 1193 346 1253 ἀπὸτοῦ
363 1191 424 1275 περί
447 1193 581 1272 Τροιζῆνα
594 1191 715 1266 ποταμοῦ
730 1185 804 1245 Ταό-
901 1223 908 1246 .

23 1305 93 1360 pou,
108 1273 208 1364 παρῶ
222 1281 267 1341 καί
281 1279 365 1361 κρήνη
379 1303 418 1347 τις
431 1279 547 1340 Ὑόεσσα
558 1280 687 1338 καλεῖται.
701 1280 806 1336 Narrat

23 1371 109 1448 quid
128 1373 185 1430 sibi
198 1372 254 1430 iter
267 1369 381 1430 facienti
395 1369 531 1428 evenerit.
549 1367 651 1427 Pollux
667 1369 712 1438 X,
729 1365 805 1422 160:

26 1461 93 1518 Καὶ
106 1459 207 1541 κέστρα
219 1457 246 1517 δί
259 1456 358 1542 σφόρας
367 1456 435 1526 τινδς
448 1447 514 1525 εἰδος
524 1456 640 1538 σιδηρθίς,
649 1456 684 1522 ῶς
695 1455 722 1514 ἰν
732 1454 808 1530 Αἰγεῖ

28 1549 181 1630 aposta<
193 1571 201 1588 ·

28 1681 124 1760 [aaa]
145 1677 266 1769 Κίστρᾳ
281 1665 394 1766 σιδηρᾷ
409 1668 524 1766 πλευρὰ
534 1669 585 1740 καί
600 1667 684 1738 κατὰ
697 1668 781 1762 ροίχιν

139 1792 249 1865 ἤλαυνε
264 1788 375 1858 παίων.

32 1920 170 1979 Miratur
198 1921 304 1998 AEgeus
337 1914 485 1995 quomodo
525 1911 650 1974 evaserit
673 1911 810 1972 Theseus.

32 2008 142 2067 Schol.
163 2005 236 2065 Piud
260 2004 408 2082 Pythii,
431 2005 468 2062 62
484 2026 491 2062 ε
505 1999 640 2083 Πειρατδις
663 1997 724 2068 τοὺς
744 1999 812 2059 κατδι

34 2093 160 2175 πίλαγος
171 2090 270 2174 ληστδς
286 2090 406 2170 λε’γομεν·
425 2090 519 2172 κυρίως
540 2090 568 2149 bl
581 2087 640 2156 τοίνς
654 2091 681 2148 ἐν
696 2089 749 2169 aaa
760 2112 812 2147 κα-

35 2187 239 2265 κουργοῦντας·
253 2179 341 2261 παρ’δ
355 2180 388 2253 δὴ
407 2180 453 2240 καί
468 2176 587 2263 ὁδονροδς
604 2175 697 2246 αὐτοὺς
717 2176 813 2257 λίγου-

38 2295 120 2331 σιν...
138 2271 277 2352 Σοφοκλῆς
291 2273 318 2328 ἐν
333 2271 427 2348 Αἰγεῖ·

40 2395 133 2477 [543]
150 2393 222 2468 Πῶς
239 2381 307 2464 δῆθ’
321 2379 446 2480 ὁδουρόν
462 2381 520 2465 οἶος
537 2379 640 2466 lisiae
654 2387 773 2473 λαθών,

43 2525 127 2586 Huic
138 2510 285 2603 colloquio
298 2523 516 2584 attribuendum
530 2537 574 2582 est
583 2524 661 2603 q'uod
672 2524 776 2604 legitur
786 2525 815 2584 iu

47 2613 270 2694 Prolegomenis
281 2613 316 2672 ad
337 2612 453 2673 Pindari
474 2613 613 2671 Isthmia:
627 2612 682 2673 Τδν
694 2615 746 2672 τῶν
762 2612 819 2673 Ἰο-

44 2700 137 2780 θμίων
150 2704 240 2780 α’γῶνα
253 2699 339 2779 οἱμὲν
353 2699 396 2760 lari
413 2699 498 2762 Σίνιδι
512 2703 550 2782 τῷ
566 2699 741 2783 Προκρούστης
755 2702 816 2761 δια-

44 2789 134 2850 θεῖναί
147 2812 214 2872 φασι
224 2789 268 2849 τδν
279 2787 384 2863 Θησία,
395 2787 521 2849 ἀνελόντα
536 2789 613 2849 αὐτὸν
631 2787 675 2850 ότε
697 2811 747 2870 περ
771 2790 816 2851 καί

47 2875 109 2946 robe
125 2877 228 2954 ἄλλους,
241 2877 276 2946 ῶς
288 2901 352 2960 φησι
367 2879 516 2960 Σοφοκλῆς,
530 2875 614 2956 λόγων
633 2877 693 2961 περί
707 2881 803 2938 αὐτοῦ·

340 3006 393 3092 [54
399 3009 427 3088 4]
440 2987 484 3084 ὸς
501 3003 672 3099 παρακτίαν

161 3119 289 3210 στείχων
302 3121 482 3216 ἀνημέρωσα
491 3110 657 3189 κνωδόλων
670 3112 751 3190 όδόν.

51 3255 189 3310 Fortasse
200 3244 259 3306 alio
272 3246 434 3324 fragmento
448 3246 607 3306 adversarii
618 3245 725 3306 devicti
739 3267 821 3306 reno·

53 3339 116 3400 vati
128 3348 250 3397 conatus
266 3335 302 3393 ad
318 3334 572 3414 redintegrandum
584 3347 728 3394 certamen
743 3335 822 3394 iudi-

53 3440 171 3488 cantur.
186 3423 283 3484 schol.
301 3426 387 3482 Hom.
410 3423 514 3503 Odyss.
528 3425 573 3497 ll,
591 3423 645 3483 106
660 3445 668 3481 :
685 3425 822 3507 Σοφοκλῆς

54 3521 83 3578 ἐν
98 3517 177 3594 Αἰγεῖ
192 3511 288 3594 (codd.
300 3508 408 3592 Ἄργει)·

59 3627 145 3710 [⁵⁴¹5]
154 3627 255 3729 ῶσπερ
271 3633 328 3732 γὰρ
341 3641 371 3703 ἐν
386 3639 539 3729 φύλλοισιν
553 3638 682 3734 αἰγείροιο
699 3652 812 3740 μακρᾶς
817 3699 828 3737 ,

110 3737 166 3808 κίεν
184 3737 262 3808 οἷλλυ
277 3735 383 3835 μηδὲν,
400 3740 485 3810 ἀλλὰ
498 3744 650 3825 τούκείνης
663 3748 740 3842 κόρα

107 3850 234 3942 κινιίσης
247 3849 346 3942 αὔραις
357 3845 547 3944 ἀνακουφίζει
561 3853 681 3945 πτερόν.

59 3979 229 4037 Postremus
247 3997 345 4036 versus
357 3979 397 4036 ita
413 3978 551 4057 legendus
565 3993 607 4040 est
621 4003 629 4042 ι

107 4116 225 4206 αόραισι
242 4123 319 4182 κινεῖ
329 4111 538 4210 κοὶνακουρίζει
551 4117 671 4214 πτερόν.

64 4255 188 4333 Reliqua
211 4263 323 4312 incerta
345 4264 412 4312 sunt
434 4266 464 4312 et
486 4252 617 4316 obscura.
641 4257 826 4335 Hesychius:

63 4412 147 4495 {546}
164 4437 177 4464 ι
186 4412 328 4493 δρόθμων,
345 4409 519 4496 εἰσυμφόινων.
534 4415 670 4498 Σοφοκλῆς
683 4341 750 4497 “lili
760 4423 828 4478 Mu-

63 4519 148 4560 surus
160 4499 287 4582 Αἰγίσθῳ.
303 4499 358 4560 Alii
369 4513 420 4560 aut
431 4500 509 4578 Αἰγεῖ
521 4515 571 4560 aut
582 4499 689 4585 Αἰθίοψι
700 4505 829 4565 scriben-

64 4586 325 4666 dumjudicaruut
342 4589 601 4650 Suid.ot1’hotius
622 4611 651 4669 p.
672 4594 742 4666 aaa,
768 4613 799 4652 ιι
820 4616 828 4652 ι

68 4831 270 4901 audiebamus,
288 4847 339 4904 ego
351 4760 641 4922 quirib0'popuarem
656 4843 684 4892 te
701 4757 831 4894 eslslihedrl

18 5037 19 5046 ,
126 5049 131 5063 .
211 4989 312 5048 Malloo
322 4937 411 5048 ferreo
420 4916 509 5048 hilis
524 4997 553 5048 et
563 4949 638 5064 targa

210 5068 313 5126 attrivit
323 5068 480 5205 feriensgss·

70 5225 215 5297 Quomodo
225 5225 310 5301 igitur
320 5227 371 5285 viae
383 5214 570 5288 insidiatoiun
583 5221 658 5288 solus
670 5219 810 5303 effugisti?

1558 449 1614 505 847

853 565 937 645 [647]
955 565 1089 644 «ὄμπνιον
1110 569 1230 650 νέφος,ν
1250 566 1338 649 με’γα,
1363 570 1448 645 πολὺ,
1471 549 1616 654 ηὐξημένον

856 655 890 714 Σ.
902 655 996 727 Θησεῖ.
1008 659 1063 735 Ap.
1079 658 1160 716 Phor.
1181 659 1285 735 legitur
1298 657 1402 734 όπνιυν,
1426 661 1521 742 sedp.
1539 666 1618 742 335,

857 763 875 820 9
889 741 1039 821 ιὈμπνίου
1051 742 1158 825 νίρους·
1175 743 1309 824 μεγίστου.

1145 889 1330 914 --000—

1146 997 1326 1062 PHAEDRA.

899 1143 973 1204 Satis
989 1156 1135 1224 comperta
1157 1145 1181 1204 si
1197 1145 1389 1221 haberemus,
1409 1169 1474 1226 quae
1487 1149 1524 1209 ab
1540 1151 1620 1212 unti-

860 1232 1003 1310 qurssimis
1015 1231 1206 1312 scriptoribus
1222 1234 1279 1292 aiut
1293 1233 1330 1294 de
1338 1234 1466 1294 Phaedra
1476 1237 1623 1304 amoribus

860 1321 1005 1380 memoriae
1014 1321 1147 1400 prodita,
1161 1321 1282 1382 fortasse
1296 1324 1401 1383 rectius
1412 1323 1449 1382 de
1471 1326 1624 1403 Sophoclis

863 1409 1011 1488 tragoedia,
1032 1430 1097 1488 quae
1113 1410 1234 1488 l’haedra
1250 1411 1390 1491 inscripta
1408 1424 1470 1490 est,
1489 1413 1624 1491 judicare

861 1495 970 1557 liceret.
986 1503 1058 1573 Quae
1074 1497 1162 1558 hodie
1178 1498 1256 1558 enim
1266 1500 1415 1574 feruntur,
1427 1520 1462 1560 ea
1472 1503 1624 1562 maximam

864 1599 974 1665 partem
990 1585 1027 1644 ab
1044 1585 1184 1666 Euripide
1202 1587 1333 1667 prolecta
1347 1607 1408 1646 esse
1420 1603 1551 1668 apparet,
1565 1591 1625 1669 qui,

865 1688 896 1733 ut
910 1675 1074 1734 auditorum
1086 1677 1197 1735 animos
1211 1688 1330 1748 teneret,
1340 1669 1433 1735 'multa
1447 1677 1480 1736 ad
1494 1679 1538 1748 sui
1552 1691 1627 1738 tem-

865 1764 945 1842 poris
959 1764 1105 1843 ingenium
1125 1763 1370 1841 accommodasse,
1390 1765 1505 1845 aliaque
1524 1768 1554 1826 iu
1568 1788 1625 1826 no-

866 1871 930 1911 vam
946 1851 1065 1910 sormam
1088 1853 1254 1914 immutasse
1268 1853 1394 1913 videtur.
1416 1855 1470 1915 Cui
1490 1856 1627 1936 pleraque

867 1939 1020 1999 tribuenda
1044 1953 1130 2015 sunt,
1162 1962 1226 2020 quae
1249 1939 1285 2000 de
1306 1941 1411 2002 Thesei
1434 1944 1521 2003 exilio
1548 1946 1628 2022 apud

869 2028 1017 2088 Pittheam
1029 2033 1183 2105 Troezsene,
1198 2029 1234 2088 de
1248 2029 1360 2090 tabellis
1372 2029 1513 2109 Phaedrae,
1523 2033 1629 2109 (paribus

869 2116 1033 2195 privignum
1051 2118 1248 2190 accusaverit,
1273 2116 1309 2176 de
1332 2119 1442 2198 nuptiis
1463 2121 1629 2199 Hippolyta

868 2204 1039 2264 referantur.
1057 2211 1109 2264 Per
1127 2207 1342 2266 incommodum
1367 2220 1485 2286 postero
1500 2221 1630 2288 tempore

869 2292 974 2352 accidit
993 2306 1026 2353 ut
1045 2313 1145 2352 omnes
1168 2295 1324 2373 scriptores
1348 2295 1519 2374 Euripidem
1541 2300 1631 2360 secuti

869 2381 943 2458 sint,
966 2396 995 2440 et
1011 2381 1035 2440 si
1058 2381 1136 2461 apud
1159 2383 1298 2444 Ovidium
1319 2385 1474 2462 peculiaria
1502 2388 1632 2464 quaedam

870 2471 1078 2548 reperiuntur,
1120 2469 1207 2530 hodie
1250 2471 1363 2530 deliniri
1405 2492 1464 2532 non
1509 2487 1630 2554 potest,

871 2571 967 2618 utrum
982 2558 1030 2619 illa
1051 2579 1116 2638 quae
1134 2578 1210 2618 nova
1225 2559 1284 2618 sint
1297 2579 1333 2618 ex
1350 2561 1470 2640 antiqua
1492 2565 1634 2623 memoria

870 2667 906 2704 an
920 2668 973 2706 suo
989 2647 1104 2727 iugenio
1117 2650 1260 2708 sumserit.
1281 2651 1382 2725 ltaque
1400 2647 1437 2707 de
1452 2651 1571 2730 antiqua
1588 2653 1633 2710 ie-

871 2734 948 2794 bulae
965 2735 1174 2815 compositione
1192 2755 1311 2815 prorsus
1326 2735 1399 2795 nihil
1424 2737 1508 2796 nobis
1531 2753 1633 2800 notum

872 2837 947 2882 essct
955 2835 1109 2902 praeterea,
1119 2843 1183 2903 quae
1195 2823 1314 2883 strictim
1327 2824 1507 2904 attingantur
1517 2827 1635 2904 apoetis

873 2922 939 2970 ante
948 2910 1126 2989 Euripidem,
1140 2911 1194 2970 nisi
1206 2910 1326 2970 Homeri
1335 2910 1488 2970 scholiasta
1498 2927 1635 2991 excerpta

874 2998 1002 3077 quaedam
1014 3019 1050 3057 ex
1059 2994 1237 3078 Asclepiadis
1244 2999 1474 3077 Tragodumenis
1484 3014 1634 3062 servasset.

874 3093 947 3146 Sunt
957 3089 1017 3165 ejus
1032 3085 1121 3146 verba
1132 3087 1194 3146 haec
1207 3086 1275 3166 (Od.
1289 3089 1324 3161 A,
1341 3087 1409 3165 321)
1423 3109 1430 3146 ι
1443 3086 1547 3160 Θησεὺς
1557 3092 1572 3148 δ
1584 3091 1636 3152 Al·

874 3175 940 3255 γε’ως
953 3175 1022 3256 ίχων
1033 3175 1115 3236 παῖδα
1129 3174 1285 3236 Ἱππόλυτον
1300 3173 1325 3245 li
1340 3172 1479 3253 Ἀμαζόνος
1490 3176 1635 3254 Ἀντιόπης,

875 3261 957 3341 ἔγημε
965 3261 1084 3344 Φαίδραν
1092 3259 1139 3335 τῆν
1150 3261 1254 3330 Μίνωος
1262 3267 1307 3322 τοῦ
1316 3265 1368 3322 τῶν
1379 3265 1491 3344 Κρητῶν
1498 3263 1636 3343 βασιλέως·

876 3350 1063 3430 εὗλαόοόμενυς
1077 3349 1105 3410 δὲ
1113 3359 1240 3432 μητρυιᾶς
1252 3349 1393 3422 ἰπιόουλῆν
1405 3349 1505 3428 πίμπεε
1519 3349 1545 3421 t}
1561 3351 1638 3427 ’λθη-

876 3443 926 3499 νῶν
939 3440 983 3499 τδν
998 3437 1052 3499 aibr
1067 3438 1223 3500 Ἱππόλυτον
1238 3435 1400 3519 Τροιζηνίων
1414 3437 1520 3520 δρχειν·
1537 3429 1570 3513 ἦν
1586 3441 1637 3524 γὰρ

878 3529 949 3609 αὐτῷ
969 3525 1012 3586 διδ
1032 3525 1080 3600 τῆν
1100 3525 1220 3598 Πιτθέως
1245 3527 1341 3609 λίθραν
1370 3525 1482 3608 μητρῴα
1507 3551 1546 3596 τις
1568 3529 1637 3612 ιἰρχῆ

879 3618 963 3698 δεῦρο.
978 3615 1086 3698 Φαίδρα
1097 3615 1125 3675 δὲ
1138 3617 1268 3697 ἐρωτικῶς
1284 3617 1430 3676 διατεθεῖσα
1448 3619 1494 3674 τοῦ
1514 3614 1639 3678 Ἱππολό-

878 3727 934 3780 του,
947 3705 1063 3787 σφοδρῶς
1073 3704 1115 3764 ἐπ’
1126 3705 1196 3784 αὐτῷ
1206 3701 1339 3781 τηκομένη
1351 3701 1381 3762 τό
1393 3701 1441 3783 μίν
1454 3707 1558 3787 πρῶτον
1570 3705 1638 3787 ίιρδν
1679 3775 1682 3779 A

880 3793 1031 3874 Ἀφροδίτης
1046 3795 1073 3853 ἐν
1087 3791 1207 3865 Ἀθήναις
1217 3789 1378 3872 ίδρόσατοτδ
1390 3797 1435 3852 νῶν
1458 3790 1638 3870 Ἱππολότειον

880 3879 1057 3962 καλοδμενον·
1072 3883 1108 3950 εἰς
1123 3883 1255 3962 Τροιζῆνα
1267 3877 1295 3939 δὲ
1310 3877 1416 3963 ὕστερον
1438 3880 1639 3961 παραγενομένη

881 3970 1002 4030 διενοεῖτο
1020 3969 1116 4030 πείθειν
1142 3968 1186 4029 τδν
1207 3967 1340 4028 νεανίσκον
1354 3966 1425 4036 ὅπως
1447 3971 1513 4050 αθτῇ
1533 3970 1639 4049 μιγείη·

881 4059 1003 4139 χαλεπῶς
1020 4059 1043 4117 δ’
1057 4057 1155 4117 ἐκείνου
1169 4053 1378 4139 προσδεξαμένου
1390 4055 1434 4116 τδν
1445 4056 1521 4136 λόγον
1536 4056 1642 4138 λέγεται

881 4144 1037 4228 φοδηθεῑσαν
1054 4143 1134 4220 αὐτὴν
1148 4143 1317 4228 δντιστρίψαι
1337 4143 1385 4218 τὴν
1407 4143 1494 4204 αἰτίαν
1515 4144 1560 4206 καί
1578 4146 1641 4227 πρδς

852 4306 856 4322 Ι
881 4231 975 4307 Θησία
990 4233 1140 4294 διαδοίλλειν
1156 4235 1191 4302 ῶς
1208 4231 1366 4294 Ἱππολότον
1381 4235 1522 4314 πειρῶντος
1548 4234 1640 4308 αὖε-ῆν.

881 4324 916 4386 Ὁ
926 4322 953 4383 δὲ
964 4327 1054 4406 τριῶν,
1062 4321 1098 4393 ῶς
1110 4347 1199 4405 φασιν,
1212 4325 1282 4405 αὒτῶ
1293 4320 1365 4404 asaph
1376 4327 1422 4382 τοῦ
1428 4323 1592 4392 Ποσειδῶνος
1602 4326 1642 4384 εὖ·

881 4417 937 4496 χῶν
952 4402 1018 4472 εἰναι
1032 4412 1242 4491 ὁμολογήσαντος
1254 4413 1332 4493 (cod.
1346 4409 1526 4490 ὡμολόγησεν)
1541 4408 1558 4470 ό
1569 4435 1597 4471 τι
1609 4411 1640 4475 δν

883 4497 1642 4581 εόξηταισυντιλέσειν,πιστεύσαςτῇΦαίδρημίαντοότων

881 4590 1000 4673 ᾐτήσατο
1010 4589 1074 4672 παρ’
1086 4593 1165 4648 «broii
1177 4588 1220 4648 τδν
1234 4595 1280 4650 τοῦ
1292 4587 1384 4655 παιδὸς
1393 4587 1507 4670 όλεθρον.
1523 4586 1642 4651 Ἐκεῖνον

1231 4761 1325 4905 5⁴1ilai
1340 4831 1502 4888 maritimam

1007 4909 1156 4986 procedens
1172 4910 1282 4969 [beravi
1295 4911 1394 4970 belluis
1408 4911 1490 4968 viam.

936 5069 1174 5142 Quemadmodum
1185 4997 1297 5126 curili
1308 5068 1380 5126 foliis
1392 5069 1455 5127 altae
1466 5069 1572 5144 populi,
1585 5055 1589 5064 ’

936 5150 1045 5208 εθαιυεί
1056 5148 1132 5208 aliud
1144 5149 1212 5206 nihil
1221 5190 1228 5220 ,
1236 5149 1334 5206 'tamen
1349 5148 1422 5205 illius
1434 5157 1516 5223 caput

934 5238 1025 5288 moret
1036 5227 1127 5288 flabris
1138 5228 1210 5287 venti
1222 5237 1251 5286 et
1262 5229 1333 5286 levat
1346 5227 1430 5285 alam.
