3650 5798
218 356 277 412 rso
355 311 358 318 ⁴
762 348 972 412 sonnocms
995 349 1245 416 rmouuum.

221 477 291 559 ταρδ
308 480 436 562 Σοραιλιῖ
456 480 578 554 εἰσῆκται
594 476 679 558 λθγιον
694 475 836 548 ’otorcrle
857 481 894 560 rip
917 481 979 540 du*
1030 469 1102 540 οὗτοι
1112 479 1245 562 Δήμητρι·
1256 478 1324 548 eote
1336 477 1365 540 δδ
1378 479 1425 548 τὰς
1437 475 1480 540 διδ
1493 483 1541 552 τῆς
1552 481 1753 564 pulpae-prophe

220 567 314 640 otides·
1031 567 1211 679 [εανειίαπδε
1234 567 1382 650 Φιλόχορόε
1405 591 1471 650 ρηαι
1491 566 1621 670 δήμητρα
1637 575 1752 673 obprimi

223 706 280 792 n
297 694 368 799 ιο
386 697 416 773 ι·
433 707 491 800 u
567 695 663 771 r...
680 693 767 771 uu
785 689 848 771 u·
1032 658 1755 825 unt.tutouummutu

294 819 393 915 ρυγδις
408 825 552 914 πατρῴας
569 813 745 899 ἐξελήλαται
756 817 862 912 χθονὸς

1031 844 1088 906 tur,
1102 846 1137 893 ut
1151 834 1255 893 ceteris
1265 831 1387 892 ducibus
1402 853 1460 892 non
1473 834 1597 912 amplius
1611 835 1755 897 reniteretur.

294 934 354 1002 οὔθ’
370 941 410 1012 ὡς
426 941 442 1002 o'
457 928 573 1013 Τυδεὺς
590 925 701 1028 ἀνδρὸς
712 930 789 1025 αἷμα
803 940 962 1028 συγγενοῦς
1031 924 1129 981 Potuit
1142 941 1214 981 vero
1230 921 1286 980 illis
1299 921 1386 980 etiam
1402 921 1472 999 quid
1488 927 1603 981 Graecos
1616 939 1755 984 maneretis

294 1050 411 1127 κτείνας
427 1053 456 1115 ἐν
473 1035 566 1144 Ᾰργει
580 1041 671 1127 ξεῖνος
689 1048 728 1116 ὢν
745 1043 899 1132 αἰκίζεται,

1032 1022 1135 1069 terram
1157 1010 1312 1089 Trojauam
1335 1011 1473 1088 appulsos
1499 1021 1530 1068 et
1557 1010 1673 1070 sortasse
1695 1013 1756 1070 cades

293 1164 356 1230 οὔθ’
373 1170 412 1242 ὡς
430 1164 487 1254 πρὸ
503 1160 612 1238 ordor
631 1157 776 1258 ὠμοὸρὼς
790 1154 936 1230 ἐδαίσατο

1031 1099 1179 1158 Protesilai
1194 1096 1339 1178 portendi.

293 1278 348 1344 τὸν
365 1256 534 1346 Ᾰοτοδιειον
551 1269 651 1347 παῖδα
665 1268 718 1344 διδ
730 1277 810 1372 scripu
823 1256 934 1368 captiv.

1354 1231 1461 1252 -flfi

1308 1345 1511 1408 rosiones.
1556 1313 1561 1322 ’

1071 1491 1277 1565 Argumentum
1295 1483 1438 1564 tragoedia
1450 1505 1515 1564 quae
1527 1485 1664 1562 Ποιμένων
1673 1492 1759 1549 nornine

1031 1575 1138 1653 scripta
1160 1573 1225 1646 luit,
1241 1573 1310 1632 satis
1329 1586 1451 1652 apparet
1471 1573 1645 1652 quibusdam
1664 1592 1758 1636 return

1030 1661 1281 1742 grammaticorum
1315 1661 1393 1720 locis.
1423 1665 1539 1721 Tretacs
1575 1662 1613 1721 ad
1649 1667 1758 1745 Lycophr.

1034 1750 1105 1829 5²9²
1124 1748 1237 1832 Ἱστορεῖ
1261 1752 1275 1809 δ
1299 1751 1437 1832 Σοφοκλῆς
1464 1753 1491 1810 ἰν
1516 1750 1647 1829 Ποιμέσιν
1670 1755 1713 1814 ὑπὸ
1730 1759 1758 1812 ui

1030 1839 1161 1918 Ἕκτορος
1185 1839 1352 1919 ἀναιρεθῆναι
1373 1837 1418 1898 τδν
1446 1839 1642 1920 Πρωτεσίλαον.
1667 1845 1758 1903 ilaniie

1032 1929 1102 1988 stius
1108 1926 1185 2006 apud
1200 1927 1317 1986 Suidatn
1327 1927 1453 2001 ν,Ξανῶ,
1465 1928 1598 1991 κοπιάτω.
1611 1930 1642 1989 Σ.
1653 1931 1758 2008 Ποιμίεο·

1030 2014 1140 2098 Ἕκτωρ
1154 2023 1209 2084 τοῖς
1221 2014 1334 2095 Ἀχαιοῖς
1349 2013 1505 2096 βουλόμενος
1520 2013 1653 2095 μάχεσθαί
1663 2039 1734 2099 puori·

1131 2135 1197 2198 Ἡδὺ
1212 2135 1322 2210 ξανῆααι
1333 2136 1379 2196 καὶ
1392 2136 1580 2217 προγυμνάοαι
1594 2137 1668 2220 χέρα.

217 1412 385 1471 Welclrerus
396 1412 450 1470 hos
464 1433 561 1472 versus
574 1412 701 1472 Lacaenis
712 1409 843 1470 attribuit
854 1433 860 1468 ι
871 1429 972 1470 verum

214 1500 300 1558 etiam
329 1500 397 1558 huic
421 1498 566 1576 tragoedias
584 1498 809 1573 conveniebant,
835 1509 869 1557 ut
893 1510 979 1576 poeta

214 1586 387 1645 discordiam
402 1591 567 1647 Graecorum
583 1589 674 1646 insius
686 1587 843 1666 explicaret
855 1585 979 1663 ideoque

214 1693 313 1734 causas
328 1675 507 1751 ostenderet,
530 1696 583 1735 eur
603 1676 720 1753 Trojam
743 1685 822 1733 tanto
842 1673 979 1752 temporis

153 1797 155 1802 ·
214 1763 309 1840 spatio
322 1762 509 1838 obsedissent,
528 1777 681 1842 antequam
693 1774 900 1842 expugnarent.

254 1853 390 1930 Inprimis
414 1866 509 1912 tamen
530 1853 631 1914 Ulixes
656 1871 774 1931 operam
795 1850 910 1909 dedisse
935 1850 980 1909 vi-

213 1938 308 2009 detur,
323 1953 355 1998 ut
369 1941 511 2000 Achillem
527 1960 544 2000 a
562 1941 658 2000 reditu
677 1942 708 1998 in
730 1940 854 2018 patriam
874 1938 979 1996 retine·

214 2038 269 2085 ret.
284 2026 375 2106 quue
392 2030 472 2089 illum
486 2029 633 2108 praecipue
644 2026 850 2108 exprobrando
866 2026 978 2104 timore,

214 2133 273 2191 quo
300 2115 425 2175 Achilles
448 2117 484 2175 ad
512 2116 692 2175 redeundum
719 2127 867 2194 permotus
895 2127 978 2182 esset,

214 2201 343 2262 effecisse
361 2203 544 2263 crediderim.
562 2207 626 2263 Huc
641 2204 767 2284 pertinet
788 2203 978 2280 fragmentum

214 2289 293 2367 apud
318 2291 502 2351 Plutarchum
524 2293 626 2352 llloral.
651 2312 680 2371 p.
707 2301 742 2365 74
754 2335 763 2363 ‚
780 2297 806 2351 A
824 2313 831 2349 :
847 2287 881 2350 ‘0
906 2287 978 2371 παρδ

216 2377 344 2457 Σοφοκλεῖ
356 2378 399 2438 τὸν
413 2379 534 2458 Ἀχιλλέα
554 2378 705 2462 παροξύνων
730 2375 873 2446 Ὀδυσσεὺς
887 2377 917 2438 οὔ
928 2401 981 2460 φη·

217 2487 258 2524 τιν
276 2465 423 2548 ὀργίζεσθαι
434 2467 477 2528 διδ
493 2469 523 2528 εδ
537 2469 650 2544 δεῖπνον,
664 2466 733 2527 ἄλλοί
746 2489 844 2549 φησιν·

1031 2273 1144 2347 Quibus
1158 2271 1232 2332 addc
1245 2271 1340 2332 Procli
1352 2271 1457 2330 uerba:
1472 2266 1591 2334 Ἔπειτα
1606 2272 1757 2340 dmidium

1031 2359 1123 2428 αὗτοδς
1146 2362 1181 2428 εἰς
1197 2360 1279 2420 Ἴλιον
1303 2357 1430 2440 εἴργουσιν
1456 2362 1481 2420 ol
1502 2363 1597 2442 Τρῶες
1620 2361 1664 2421 xul
1684 2361 1759 2433 θνήειι.

1032 2448 1216 2533 Πρωτεσίλαος
1232 2451 1274 2530 op’
1292 2446 1430 2528 Ἕκτορος·
1447 2446 1538 2507 [πειτα
1553 2447 1683 2530 Ἀχιλλεὺς
1696 2447 1759 2514 abido

1029 2536 1154 2621 spiraret
1165 2533 1263 2596 ἀνελὼν
1274 2533 1376 2594 Κύκνον
1388 2533 1433 2594 τδν
1448 2537 1624 2604 Ποσειδῶνος.

1070 2625 1221 2700 Sufficiunt
1234 2625 1295 2683 haeo
1309 2624 1561 2702 grammaticorum
1577 2625 1687 2683 indicia.
1699 2623 1760 2682 Vide·

1031 2727 1078 2774 tur
1089 2715 1165 2773 enim
1186 2725 1272 2794 poeta
1293 2733 1352 2771 non
1366 2711 1443 2773 aliud
1461 2713 1631 2790 exposuisse
1643 2731 1761 2790 ergeuen

1031 2817 1092 2862 turn
1111 2821 1198 2881 quatu
1212 2799 1365 2877 AEschylus
1386 2805 1496 2878 Cygno,
1516 2801 1633 2859 initium
1645 2801 1704 2861 belli
1713 2807 1761 2859 Tro

1025 2891 1106 2970 jani,
1148 2889 1302 2949 aduentum
1340 2893 1526 2962 Graecorum,
1565 2890 1762 2969 fugientiumque

1030 2981 1221 3058 Trojanorum
1236 2979 1266 3037 in
1279 2977 1382 3037 urbem
1397 2979 1628 3057 trepidationem.

213 3089 278 3176 [⁴2]
295 3075 397 3182 Εγῷδ
413 3083 429 3152 δ
445 3088 572 3180 φεύγεις,
588 3091 622 3153 οὐ
638 3087 676 3153 ab
694 3088 735 3178 pal
750 3086 849 3153 κλύειν
865 3096 976 3165 κακῶς·
1031 3159 1037 3172 .
1070 3075 1134 3130 Non
1148 3068 1216 3127 satis
1225 3079 1352 3169 constat,
1366 3085 1427 3145 quo
1441 3067 1471 3124 iu
1488 3067 1553 3126 loco
1572 3089 1620 3127 res
1638 3080 1701 3168 acta
1714 3069 1761 3136 sint,

1029 3179 1058 3216 m
1077 3155 1149 3217 urbe
1169 3176 1206 3215 an
1223 3176 1252 3213 ιο
1276 3173 1360 3232 agro,
1382 3173 1557 3231 quamquam
1580 3155 1701 3214 dubttan
1722 3173 1760 3212 nor

1031 3258 1126 3322 potest
1148 3245 1218 3322 quin
1234 3255 1320 3321 poeta
1332 3241 1526 3320 Trojanorum
1540 3262 1588 3301 res
1602 3263 1661 3302 esse
1680 3243 1760 3301 serent

213 3334 266 3413 [In
279 3333 335 3392 line
348 3329 465 3409 quidam
482 3329 549 3389 libri
562 3328 695 3410 θυμαίνειν
710 3328 814 3410 καλόν.)
824 3331 879 3390 Hic
891 3331 975 3389 etiam
1029 3333 1191 3392 Welclerus
1208 3341 1328 3408 propter
1344 3329 1466 3388 chorum
1478 3330 1574 3388 omnia
1589 3343 1668 3390 extra
1687 3331 1761 3388 ruoenia

214 3421 277 3500 [ts]
288 3449 299 3472 ι
310 3419 454 3494 hisidorus,
466 3445 479 3473 a
493 3415 563 3485 ἔθνος
576 3422 623 3491 τῆς
634 3415 771 3500 Τρῳάδος,
782 3438 829 3497 op.
841 3417 975 3496 Hesych,
1030 3421 1111 3479 urbis
1136 3429 1277 3477 transacta
1303 3417 1437 3494 conjecit.
1458 3401 1565 3476 Verum
1591 3419 1690 3478 chorus
1711 3436 1760 3475 unus

213 3510 366 3568 memorari
385 3520 528 3587 poterant.
545 3507 658 3566 Deinde
672 3506 749 3566 aliud
769 3519 812 3564 est
836 3507 977 3586 fragmen·
1029 3529 1086 3566 non
1099 3505 1219 3582 sufficit,
1239 3518 1271 3564 ut
1284 3505 1362 3584 quod
1375 3506 1438 3564 uult
1448 3506 1495 3565 vir
1508 3505 1697 3578 doctissimus,
1714 3525 1760 3564 eon·
1793 3547 1794 3562 ι

214 3609 274 3656 tutu
303 3596 381 3676 apud
405 3595 529 3655 eundern
554 3595 747 3673 Hesychium,
769 3590 830 3678 [44]
857 3621 870 3648 ι
889 3593 989 3678 ἐπιξε-Ι
1028 3596 1187 3667 cludamus,
1203 3595 1363 3673 praesertim
1380 3614 1470 3674 quum
1484 3595 1540 3654 alia
1558 3597 1760 3673 quaedamiure·

212 3688 362 3759 reiciat,r
387 3682 543 3765 πορεύεσθαι
554 3727 563 3758 ,
582 3703 642 3762 quo
662 3682 778 3742 videtur
791 3681 916 3742 Achilles
930 3683 977 3741 in·
1028 3687 1153 3759 niantur,
1173 3705 1237 3762 quae
1259 3704 1324 3743 curn
1342 3685 1392 3742 illa
1410 3685 1552 3743 sententia
1573 3686 1626 3744 vix
1646 3683 1760 3744 conciliati

214 3773 321 3851 telligi,
350 3773 402 3851 qui
433 3785 570 3851 rogatur,
596 3785 629 3830 ut
659 3784 794 3849 tanquam
819 3772 925 3850 hospes
946 3771 976 3829 in
1028 3774 1148 3852 possint.
1179 3776 1280 3851 Neque
1310 3773 1388 3830 enim
1417 3773 1608 3851 intelligitur,
1643 3769 1759 3851 quomodo

212 3882 311 3941 ugrum
327 3861 486 3939 Troianum
500 3861 643 3940 proficisci
663 3861 743 3920 velit.
767 3861 860 3921 Aliter
881 3861 976 3938 expli·
1027 3862 1134 3920 chorus
1149 3861 1180 3919 in
1196 3880 1266 3938 agro
1279 3861 1412 3920 Hectoris
1426 3861 1609 3940 aliorumque
1624 3861 1759 3940 imploraret

211 3950 286 4008 catio
299 3951 437 4027 Hesychii
448 3969 507 4008 non
522 3951 667 4009 convenit.
678 3954 825 4008 Incertum
839 3962 882 4008 est
898 3949 975 4028 apud
1027 3949 1164 4008 auxilium
1187 3948 1323 4007 adversus
1342 3948 1450 4020 hostes,
1484 3969 1610 4027 quorum
1636 3949 1758 4008 adventurn

211 4037 335 4112 Hesych.
346 4037 409 4115 [45]
431 4063 443 4090 ι
457 4037 636 4112 intestatione,
647 4065 659 4090 n
672 4035 889 4115 ἔπικελευοριένης
902 4059 908 4074 ·
922 4037 976 4096 ἀπὸ
1027 4057 1127 4095 omnes
1146 4037 1233 4095 ceteri
1256 4049 1361 4114 praeter
1385 4050 1514 4114 pastores
1535 4037 1708 4116 ignorabant,
1721 4032 1758 4091 niti

209 4125 262 4183 τῶν
285 4121 331 4190 cle
354 4123 429 4197 ἡνίας
452 4124 650 4204 irrogatorem.
672 4125 793 4184 Videtur
814 4145 873 4185 vox
893 4124 975 4185 chori
1027 4127 1057 4183 in
1071 4125 1162 4203 ipsam
1177 4123 1278 4183 urbem
1292 4125 1445 4184 venissent.
1458 4127 1496 4186 At
1510 4139 1577 4184 sunt
1592 4127 1634 4186 illi
1648 4141 1757 4200 congu-

211 4231 281 4282 esse,
295 4211 975 4292 quiiortassebclligaudiurn,quandoflagello,
1026 4214 1109 4294 gibus
1135 4226 1222 4292 atque
1247 4213 1283 4271 de
1305 4214 1350 4272 his
1374 4214 1445 4292 ipsis
1469 4216 1637 4293 loquuntur.
1659 4213 1689 4273 ld
1708 4225 1757 4267 teto

211 4294 316 4378 μάοθλῃ
330 4298 502 4372 ,excitantur
514 4302 591 4378 equi,
606 4302 754 4379 anticipat.
766 4302 920 4380 Reliquum
933 4315 976 4362 est
1026 4301 1138 4380 egregie
1160 4301 1295 4359 convenit
1317 4300 1400 4358 initio
1422 4299 1492 4359 belli
1513 4301 1648 4361 omnibus
1667 4300 1693 4357 in
1713 4298 1757 4354 lou

209 4385 288 4466 apud
312 4386 511 4466 Hesychium,
536 4387 599 4466 [46]
622 4386 812 4465 «ξυμθολουςι
844 4387 903 4457 robe
928 4389 972 4449 iub
1027 4390 1137 4448 munita
1149 4387 1332 4468 fugientibus.
1344 4387 1456 4448 Deinde
1466 4409 1534 4448 tero
1546 4391 1632 4449 etiam
1642 4382 1757 4446 memorie

208 4477 261 4532 τῶν
286 4476 414 4554 πταρμῶν
456 4471 611 4554 οἰωνιαροδς
637 4474 740 4554 ἔλεγον·
770 4475 915 4538 ἀνετίθεντο
943 4477 970 4538 δὲ
1026 4478 1173 4557 proditum
1188 4491 1231 4536 est
1245 4476 1384 4555 Trojanos
1403 4477 1472 4538 belli
1486 4477 1570 4536 initio
1584 4473 1712 4558 quidquid
1723 4471 1756 4528 iu·

267 2610 329 2700 [tt]
346 2598 417 2690 illo
429 2613 468 2682 τὰ
486 2613 595 2706 Τροίας
612 2619 733 2708 εἰσορῶν
750 2589 864 2679 ἑδώλια

348 2723 500 2809 δέδοικας.

216 2859 269 2920 Kal
283 2859 347 2940 πρδε
361 2865 445 2920 ταῦτα
459 2857 538 2918 πάλιν
555 2862 600 2917 τοῦ
616 2855 755 2938 Ἀχιλλέως
772 2855 976 2936 tuapromissi-

218 2969 257 3014 τος
270 2947 315 3006 καὶ
328 2947 454 3006 ἀποπλεῖν
468 2943 602 3024 λέγοντος·

291 3205 358 3270 ἀλλ’
372 3203 461 3296 ἔγγὺς
473 3187 583 3294 Europ
600 3199 693 3268 ἐστίν·
707 3203 741 3267 οὐ
759 3203 854 3293 μένειν
870 3201 975 3269 καλόν.

209 4735 307 4792 Dicam
321 4751 371 4808 ego
385 4735 435 4792 tibi
449 4735 517 4792 nihil
531 4735 675 4809 indignum
691 4752 780 4809 nequo

208 4815 312 4872 exulem
324 4823 351 4872 tc
363 4815 452 4889 patrio
466 4816 527 4874 solo
540 4816 651 4888 pulsum
665 4830 742 4885 esse,

207 4908 297 4965 neque
309 4893 433 4968 Tydeum
445 4895 577 4968 sanguino
589 4896 639 4952 riri
654 4895 763 4970 cognati

207 4971 319 5045 profuso
333 4973 414 5046 Argis
427 4982 458 5030 ut
469 4974 605 5049 hospitem
618 4975 758 5045 hahitare,

208 5067 294 5124 nequo
307 5059 370 5108 anto
382 5052 488 5112 Thebas
500 5054 586 5113 crudo
598 5055 679 5130 epulo
691 5071 773 5116 usum

210 5130 301 5198 hstoci
313 5130 362 5188 lilii
375 5132 464 5206 capite
476 5133 551 5194 lisso.

1382 4673 1428 4723 41.

1025 4775 1085 4830 lam
1098 4788 1184 4846 quum
1196 4769 1275 4828 sedes
1286 4771 1420 4846 ‘trojanas
1432 4768 1524 4838 vides,

1025 4851 1122 4907 timore
1137 4848 1269 4906 incitaris.

1380 4967 1425 5018 4².

1023 5059 1085 5116 Scio
1097 5076 1147 5116 our
1158 5059 1358 5134 tergiverseris:
1372 5066 1466 5117 nonut
1476 5057 1546 5116 mole
1557 5056 1662 5124 audias,
1707 5051 1751 5122 [ost

1022 5139 1067 5194 sed
1079 5155 1165 5213 propo
1176 5141 1252 5200 abest
1263 5142 1374 5208 Hector,
1388 5151 1474 5212 neque
1485 5153 1593 5196 manere
1606 5127 1751 5194 commodum
