3752 5792
255 395 540 486 nnonnearn

78 567 131 628 ἀλλ’
141 556 175 625 ῶν
188 565 281 626 δόδωκ’
293 564 395 625 εύνοιαν
406 563 585 646 ἐξηγούμενος·

77 655 196 738 οίπρῶτα
208 652 259 733 μὲν
276 651 415 735 βλέποντες
425 652 536 714 ἔύλεπον
548 651 646 732 μάτην,

76 742 188 810 κλύοντες
197 744 247 801 οὐκ
257 741 363 815 ήκουον,
375 741 434 800 ἀλλ’
445 740 585 824 ὀνειράτων

76 832 180 910 ἀλίγκιοι
191 839 320 913 μορφαῖσι
331 829 376 890 τὀν
387 828 489 914 μακρόν
500 827 594 911 χρόνον

31 942 65 980 ι·ο
76 919 161 1002 ίφυρον
173 921 232 992 είκῆ
242 916 347 990 πάντα,
358 915 434 978 κούτε
445 918 594 1000 πλινθυφεῖς

76 1008 160 1088 δόμους
170 1006 326 1089 προσείλους
336 997 415 1087 ᾖσαν,
425 1008 454 1066 ού
467 1003 628 1087 ξυλουργίαν·

75 1096 217 1177 κατώρυχες
230 1095 253 1155 δ’
265 1093 351 1155 ἔναιον
362 1093 426 1154 ὥστ’
436 1092 548 1176 ἀήσυροι

75 1184 202 1268 μύρμηκες
214 1183 316 1266 ἄντρων
328 1186 355 1244 ἐν
366 1185 461 1264 μυχοῖς
470 1181 594 1255 ἀνηλίοις.

70 1267 118 1336 Ἠν
128 1274 148 1334 δ’
159 1271 231 1332 οὐδὲν
243 1273 332 1341 αύτοῒς
344 1271 404 1331 οὔτε
415 1269 542 1352 χείματος
554 1267 657 1351 τέκμαρ

28 1387 63 1424 reo
75 1363 123 1424 οὔτ’
137 1360 302 1440 άνθεμώδους
314 1351 378 1442 ήρος
389 1359 449 1419 ούτε
457 1358 593 1442 καρπίμου

74 1449 153 1532 θέρους
164 1447 279 1530 βίθαιον,
293 1447 353 1506 ἀλλ’
365 1445 429 1528 άτερ
441 1445 548 1526 γνώμης
558 1444 589 1506 τὸ
602 1453 656 1505 πᾶν

74 1539 206 1621 ἔπρασσον,
221 1536 283 1596 ἔστε
296 1535 331 1608 δή
347 1558 406 1617 σφιν
420 1532 529 1602 άντολθς
539 1533 592 1613 ἐγὼ

76 1627 168 1710 ἄστρων
180 1623 265 1695 ἔδειξα
275 1623 324 1692 τάς
334 1645 364 1683 τε
378 1621 529 1704 δυσκρίτους
538 1621 632 1690 δύσεις.

75 1715 123 1777 Καί
133 1714 183 1794 μὴν
195 1712 307 1796 ἀριθμὸν
320 1711 409 1794 ἔξοχον
422 1710 593 1794 σοφισμάτων
610 1731 613 1764 t

32 1828 64 1867 no
76 1804 167 1888 ἐξεῦρον
180 1804 280 1876 αύτοῖς,
292 1800 459 1885 γραμμάτων
472 1823 501 1860 τε
516 1797 659 1875 συνθέσεις,

75 1893 171 1971 μνήμην
182 1891 203 1950 θ’
218 1890 347 1950 ἁπάντων
359 1887 538 1970 μουσομήτορ’
550 1887 664 1971 ἐργάτιν.

76 1977 185 2049 Karoia
198 1981 303 2056 πρῶτος
317 1981 345 2036 ἐν
357 1979 456 2054 ζυγοῖσι
468 1973 591 2035 κνώδαλα

75 2066 196 2146 ζεύγλαισι
206 2063 375 2125 δουλεύοντα·
388 2062 508 2143 σώμασίν
521 2064 543 2124 θ’
554 2061 626 2132 ὅπως

73 2159 162 2230 θνητοῖς
175 2153 305 2235 μεγίστων
318 2152 438 2233 διάδοχοιι
448 2151 628 2234 μοχθημάτων

33 2269 62 2305 in
73 2244 177 2322 γένοινθ’,
188 2247 230 2327 ὑφ’
241 2242 343 2325 ἅρματ’
354 2241 454 2322 ῆγαγον
466 2239 598 2324 φιληνίους

73 2333 173 2408 ἵππους,
185 2332 295 2413 άγαλμα
307 2335 356 2403 τῆς
365 2328 546 2413 ὑπερπλούτου
556 2330 658 2411 χλιδῆς.

74 2421 317 2501 (θαλασσόπλαγκτα
328 2419 351 2479 δ’
364 2417 432 2487 οὗτος
446 2418 524 2487 ἄλλος
535 2417 590 2478 ἀντ’
600 2421 665 2497 ἐμοῦ

75 2508 192 2594 λινόπτερ’
202 2501 260 2592 εύρε
270 2505 403 2567 ναυτίλων
416 2505 550 2588 ὀχήματα.

75 2601 180 2659 Τοιαῦτα
191 2593 367 2678 μηχανήματ’
379 2593 488 2677 ἐξευρὼν
499 2594 582 2664 τάλας

35 2707 67 2742 im
80 2691 202 2769 βροτοῖσιν,
215 2685 292 2754 αὐτὸς
305 2686 355 2744 ούκ
365 2681 419 2764 ἔχω
433 2681 539 2766 σόφισμ’
554 2681 607 2766 άτιρ

76 2779 115 2847 τῆς
124 2781 163 2834 viia
173 2772 308 2857 παρούσης
322 2775 446 2852 πημονῆς
458 2773 615 2852 ἀπαλλαγῶ.

315 2885 428 2933 ΧΟΡΟΣ.

80 2957 198 3028 Πίπονθας
209 2958 280 3028 αίκές
290 2957 373 3036 πῆμ’,
384 2953 546 3038 ἀποσφαλείς
557 2955 655 3038 φρενῶν

79 3048 167 3130 πλανᾷ,
178 3047 256 3116 κακός
267 3048 290 3106 δ’
302 3045 393 3128 ἰατρὸς
405 3043 440 3113 ὥς
450 3069 489 3112 τις
500 3045 526 3112 ἐς
539 3041 613 3103 νόσον

80 3135 150 3196 πεσών
161 3139 262 3216 ἀθυμεῖς
271 3135 322 3196 καί
335 3132 443 3195 σεαυτόν
458 3131 506 3192 ούκ
517 3131 586 3213 ἔχεις

39 3245 69 3281 ns
81 3229 148 3304 εύρεῑν
160 3225 253 3294 θποίοις
265 3223 418 3308 φαρμάκοις
432 3220 546 3300 ἰάσιμος.

279 3337 491 3385 ΠΡΟΜΗΘΕΥΣ.

80 3411 115 3471 Tl
124 3411 196 3471 λοιποί
207 3436 257 3491 μου
269 3410 390 3472 κλύουσα
404 3407 536 3489 θαυμάσει
548 3405 638 3482 πλέον,

80 3499 125 3568 οἵας
133 3499 218 3584 τέχνας
227 3525 256 3561 τι
266 3500 315 3561 καὶ
326 3498 424 3584 πόρους
436 3496 590 3579 ἐμησάμην.

79 3587 111 3648 Τό
121 3589 162 3666 μὲν
173 3589 303 3670 μέγιστον,
316 3589 390 3658 εἴτις
404 3591 440 3658 εἷς
450 3585 525 3648 νόσον
537 3585 628 3661 πέσοι,

81 3669 154 3753 αἰκῆν
165 3679 269 3759 άλέξημ
283 3677 358 3740 οὐδὲν
373 3676 433 3738 οὔτε
448 3672 590 3760 βρώσιμον,

42 3789 71 3823 ιιι
82 3769 106 3826 ού
118 3769 221 3850 χριστόν,
234 3768 295 3829 οὔτε
305 3766 409 3840 πιστὸν,
423 3763 492 3826 ἄλλθι
504 3761 651 3848 φαρμάκων

80 3857 144 3936 χρείφ
154 3856 370 3930 κατεσκέλλοντο,
381 3853 442 3938 πρίν
457 3851 509 3934 ἐγὼ
519 3851 607 3935 σφίσιν

82 3944 150 4012 ἔδειξα
159 3945 260 4026 κράσεις
270 3943 359 4018 ἠπίων
370 3941 541 4023 ἀκεσμάτων,

83 4021 115 4098 οἷς
124 4031 164 4102 τἀς
173 4033 277 4102 ἁπάσας
289 4030 463 4112 ἐξαμύνονται
473 4029 573 4098 νόσους.

83 4121 182 4200 Τρόπυις
192 4121 218 4182 δὲ
229 4121 345 4191 πολλούς
356 4125 484 4200 μαντικῆς
498 4117 647 4199 ἐστοίχισα,

45 4227 73 4264 νο
83 4208 176 4291 κᾶκρινα
186 4215 289 4293 πρῶτος
301 4209 328 4280 ἐξ
340 4208 479 4291 ὀνειράτων
495 4207 512 4268 δ
523 4210 576 4289 χρὴ

84 4296 141 4377 ύπσρ
149 4299 278 4378 γενέσθαι,
290 4297 420 4371 κληδόνας
427 4321 456 4358 τε
469 4293 620 4379 δυσκρίτους

84 4384 182 4468 ἐγιύριά
191 4389 285 4456 αὐτοῖς·
298 4386 410 4455 ὀνοδίους
421 4409 450 4445 τε
465 4383 613 4464 συμύάλους

83 4475 246 4556 γαμψωνύχων
258 4499 288 4535 τε
297 4480 393 4547 πτῆσιν
404 4477 503 4535 οἰωνῶν
516 4476 631 4556 σκεθρῶς

84 4561 175 4644 διύριά,
186 4563 274 4632 οἵτινές
286 4588 317 4623 τε
328 4563 405 4632 δεξιοί
419 4561 496 4646 φύσιν

44 4668 74 4706 ιο
84 4651 211 4730 εὐωνύμους
220 4677 263 4728 τε,
275 4652 323 4712 καλ
337 4652 438 4712 δίαιταν
450 4651 542 4724 ήντινα

84 4739 154 4818 space*
163 4740 279 4816 ἕκαστον,
290 4740 412 4823 καὶπρὸς
423 4739 552 4812 ἀλλήλους
562 4736 629 4805 τίνες

86 4825 161 4908 ἔχθραι
169 4852 197 4889 τι
207 4829 251 4890 καί
263 4829 410 4912 στέργηθρα
419 4829 465 4888 καί
476 4825 620 4910 συνεδρίαι·

23 4967 26 4984 ,
86 4916 222 4998 σπλάγχνων
231 4942 261 4978 τε
271 4916 408 4993 λειότητα,
419 4917 465 4978 καί
477 4914 570 4998 χροιάν
582 4912 642 4974 τίνα

88 5000 154 5082 ἔχοντ’
165 5005 193 5065 dv
205 5005 245 5079 είη
257 5005 377 5085 δαίμοσιν
389 5005 453 5087 πρθς
465 5002 570 5078 ἡδονήν,

50 5105 77 5144 ιιι
87 5092 151 5168 χολῆς
158 5092 232 5153 λούοῐί
243 5118 273 5154 τε
284 5094 404 5166 ποικίλην
416 5091 568 5175 εὐμορφίαν,

89 5178 149 5260 κνίση
161 5205 188 5241 τε
200 5185 273 5242 κῶλα
284 5183 465 5262 ουγκαλυπτά·
477 5180 524 5240 καί
536 5175 641 5260 μακράν

91 5265 154 5347 θοφθν
162 5270 282 5353 πυρώσας
292 5268 485 5351 δυστέκμαρτον
498 5270 533 5336 εἰς
541 5265 637 5348 τέχνην

1065 430 1379 498 PROMETHEUS.
1576 435 1609 506 n

830 572 874 624 sed
882 576 911 624 ut
919 587 1019 639 eorum,
1029 589 1084 638 quae
1093 575 1163 642 dedi,
1172 577 1365 633 benevolentiam
1376 583 1504 648 explicem.

829 661 877 722 Qui
886 662 993 726 primurn
1004 664 1103 728 quidem
1112 666 1223 718 videntes
1232 669 1319 719 frustra
1328 670 1457 732 ridebant,

829 750 955 802 audientes
964 765 1014 802 non
1023 752 1167 819 audiebant,
1175 757 1218 806 sed
1230 758 1379 809 somniorum

830 839 964 891 simulacris
974 840 1065 892 similes
1074 843 1145 906 longo
1160 845 1269 910 tempore

829 927 911 978 omnis
922 933 1011 980 temne
1023 931 1226 996 commiscebant,
1235 945 1314 997 neque
1323 934 1442 986 latericias

829 1015 914 1066 domos
923 1016 968 1067 soli
976 1018 1098 1082 expositas
1107 1025 1207 1084 norant,
1216 1035 1265 1072 non
1274 1023 1389 1074 lubricam
1398 1024 1575 1091 materialium

830 1104 873 1154 scd
882 1104 1033 1157 subterranei
1042 1107 1183 1160 habitabant
1191 1147 1199 1174 ,
1207 1123 1274 1162 more
1283 1112 1381 1174 agilium

829 1193 995 1258 lonnicarum,
1007 1196 1031 1247 in
1042 1197 1167 1249 sistrorum
1177 1197 1311 1251 recessibus
1321 1199 1484 1253 tenebricosis.

829 1284 887 1333 Erat
896 1296 954 1334 vero
963 1285 1058 1337 nullum
1067 1286 1096 1338 iis
1106 1301 1185 1351 neque
1194 1287 1281 1340 hiemis
1289 1289 1384 1352 signum

829 1384 907 1437 neque
917 1373 1019 1438 ilorigeri
1028 1375 1093 1427 veris
1117 1390 1195 1442 neque
1205 1377 1324 1440 irugiicrm

829 1461 920 1512 astutis
929 1467 1021 1513 certum
1029 1499 1036 1526 ,
1045 1463 1088 1514 sed
1097 1465 1150 1516 siue
1158 1467 1292 1529 cognitione
1302 1467 1422 1531 quidlibet

829 1550 1003 1614 transigebant,
1015 1550 1091 1604 donec
1100 1567 1144 1616 ego
1151 1553 1180 1604 iis
1189 1555 1257 1606 ortua

825 1638 933 1705 siderum
942 1642 1073 1706 notatoque
1083 1641 1192 1693 difficiles
1201 1657 1302 1694 occasus
1312 1645 1453 1716 monstravi.

828 1727 866 1778 Ad
874 1728 927 1779 baec
935 1743 1064 1780 numerum
1074 1730 1253 1795 disciplinarum
1262 1733 1491 1797 praestantissimum

828 1817 1141 1870 illisinvenietlitternnvm
1151 1821 1339 1885 compositiones
1494 1817 1612 1887 [ctrieem.

828 1907 1015 1970 memoriamque
1026 1908 1133 1958 omnium
1149 1910 1336 1974 musiparentem
1347 1911 1356 1974 (
1366 1909 1544 1975 incantatam)
1556 1912 1612 1964 eite-

828 1997 859 2046 nt
865 1996 935 2059 junxi
945 1997 1037 2060 primus
1045 1996 1109 2060 jugis
1116 1997 1225 2060 Jumeuta

829 2085 904 2135 helcio
911 2085 1052 2148 servientia;
1062 2089 1138 2150 utque
1147 2087 1289 2152 corporibus
1299 2085 1349 2139 anis

828 2173 990 2224 maximorum
998 2173 1108 2225 laborum
1118 2175 1207 2226 vicaria
1216 2177 1358 2228 mortalibus

827 2261 926 2327 tierent,
936 2263 982 2313 sub
991 2277 1077 2314 currus
1086 2263 1144 2314 duni
1155 2264 1285 2327 irenigeros

827 2363 916 2413 equos,
925 2349 1058 2415 praedivitis
1066 2350 1142 2402 fastus
1151 2356 1329 2402 ornamentum.

827 2441 876 2490 Nec
883 2438 946 2490 ullus
955 2438 1016 2490 alius
1025 2444 1111 2504 praeter
1119 2453 1158 2490 me
1167 2439 1294 2504 pontivaga

826 2529 927 2580 velivola
935 2528 1139 2580 naviculariorum
1149 2529 1260 2580 vehiculo
1268 2529 1370 2580 invenit.

827 2617 893 2668 Talia
902 2621 1037 2668 commenta
1044 2621 1175 2682 postquam
1183 2618 1256 2668 miser
1265 2617 1399 2680 excogitavi

827 2705 982 2767 mortalibus,
992 2703 1134 2769 ipsensium
1144 2705 1249 2768 adquam
1259 2719 1306 2756 non
1316 2704 1422 2768 reperio,
1432 2717 1481 2770 quo

827 2793 946 2845 omiseris
954 2807 1019 2844 nunc
1027 2793 1140 2858 prasenti
1151 2793 1247 2844 liberer.

1156 2901 1287 2944 caoctus.

827 2971 935 3022 sustines
944 2969 1066 3034 indignam
1075 2969 1247 3033 cdsmitatem,
1258 2973 1338 3021 mente
1348 2967 1478 3021 destitutus

827 3059 962 3120 iluctuaris;
970 3059 1113 3110 malusvero
1122 3065 1239 3123 tanquam
1252 3058 1360 3110 medicus
1369 3059 1394 3108 in
1404 3058 1515 3109 morbum

827 3149 909 3212 lapsus
919 3149 1026 3200 anbnum
1036 3147 1172 3212 despondes
1181 3161 1226 3199 nec
1236 3154 1304 3212 potes

827 3237 946 3300 invenire,
955 3237 1044 3302 quibus
1053 3241 1081 3287 tu
1089 3237 1202 3288 remediis
1211 3236 1245 3288 eis
1254 3235 1375 3288 curabilis.

1099 3342 1315 3386 PlloidliTllllltS·

826 3413 926 3478 Reliqua
934 3413 956 3464 si
965 3427 995 3464 cx
1004 3426 1044 3464 me
1052 3412 1157 3464 audieris
1162 3447 1170 3475 ,
1180 3411 1255 3476 magis
1264 3409 1396 3473 mirabere,

826 3502 910 3566 quales
918 3507 983 3553 artes
992 3505 1018 3552 et
1026 3499 1208 3554 commodorum
1217 3500 1323 3552 rationes
1332 3499 1527 3563 excogitaverim.

826 3597 860 3643 dc
869 3591 1003 3642 maximum
1014 3591 1126 3655 quidem,
1137 3589 1159 3640 si
1167 3589 1223 3654 quis
1233 3592 1293 3640 ante
1301 3589 1325 3638 in
1335 3588 1446 3638 morbum
1457 3588 1594 3648 incidisset,

825 3695 873 3731 non
882 3685 933 3731 eret
942 3679 1074 3731 remedium
1085 3679 1160 3729 ullum
1170 3691 1249 3742 neque
1258 3677 1421 3738 esculentum,

826 3783 874 3820 non
884 3769 949 3834 quod
957 3769 1040 3832 inungi
1050 3781 1129 3832 neque
1138 3767 1203 3831 qnod
1213 3766 1263 3816 bibi
1272 3767 1368 3830 posset,
1377 3766 1420 3816 sed
1429 3764 1590 3816 remediorum

825 3857 905 3922 inopia
912 3855 1126 3916 mutabescebant‚
1137 3855 1287 3919 priusquam
1296 3867 1340 3918 ego
1349 3854 1396 3905 illis

826 3946 957 3998 salubrium
968 3944 1197 3996 medicamentorum
1207 3943 1326 3994 mixturas
1335 3942 1443 4004 ostendi,

825 4037 914 4100 quibus
922 4034 973 4096 jam
985 4046 1070 4086 omnes
1080 4032 1111 4083 ab
1121 4045 1147 4084 se
1156 4033 1254 4083 morbos
1263 4031 1403 4083 detendunt.

824 4125 915 4176 Multos
924 4137 982 4176 vero
991 4122 1077 4174 modos
1086 4121 1210 4174 divinandi
1220 4121 1329 4184 institui,

825 4215 966 4279 primusque
976 4211 1081 4264 discrevi
1090 4225 1120 4262 ex
1131 4210 1230 4262 somniis
1239 4223 1295 4274 quac
1305 4209 1420 4260 deberent

825 4316 882 4354 vere
890 4302 996 4363 evenire,
1006 4313 1125 4364 vocesque
1134 4299 1251 4350 obscuras

825 4393 856 4443 iis
863 4391 994 4456 explicavi,
1004 4389 1184 4452 incidentesque
1194 4388 1218 4437 in
1227 4387 1276 4437 viis
1285 4399 1401 4437 occursum

825 4480 954 4544 aviumque
963 4478 1063 4529 aduncis
1072 4476 1227 4540 praeditarum
1237 4475 1331 4539 ungulis
1343 4474 1447 4524 volatum
1457 4475 1567 4523 accurate

825 4569 905 4620 definit
911 4603 920 4632 ,
930 4580 1040 4631 quaenam
1049 4570 1130 4617 esseut
1138 4569 1224 4615 natura
1233 4577 1277 4614 sua
1287 4562 1380 4614 dextrae

825 4662 850 4710 et
859 4671 914 4722 qum
924 4656 1040 4717 sinistrae,
1049 4656 1102 4706 tum
1112 4666 1242 4718 quemnam
1252 4651 1344 4702 victum

826 4746 925 4810 singulm
934 4745 1052 4796 baberent
1060 4748 1085 4794 et
1093 4756 1149 4808 quae
1158 4742 1219 4806 ipsis
1228 4741 1333 4791 invicem

825 4841 851 4886 et
860 4836 915 4886 odia
923 4839 948 4885 et
958 4846 1052 4884 amores
1061 4836 1086 4883 ct
1094 4841 1223 4882 consessus
1232 4833 1326 4889 essem,

825 4924 994 4986 viscerumque
1003 4921 1135 4972 laevitatem
1143 4921 1169 4970 et
1178 4932 1227 4982 quo
1236 4917 1315 4968 colore

825 5012 927 5078 praedite
934 5011 1053 5062 coelitibus
1062 5009 1160 5072 accepta
1168 5007 1263 5070 essent,

827 5101 887 5154 tellis
910 5099 1070 5164 jecmorleque
1080 5097 1170 5148 variam
1180 5096 1264 5145 lorcam
1274 5091 1435 5153 busdmtcm,

826 5193 852 5241 ct
860 5188 929 5254 adipe
938 5193 1051 5252 cooperta
1061 5185 1182 5246 rnembra;
1194 5183 1341 5246 longumque

826 5277 936 5330 lumbum
946 5275 1090 5328 comburens
1096 5272 1127 5324 ad
1136 5277 1211 5323 artem
1221 5269 1316 5334 oogrritu
1325 5263 1446 5319 diiiicilem
