3690 5790
558 382 735 446 AESGHYLI
756 381 1007 446 FRAGMENTA.
1510 400 1568 454 2³5

13 524 75 584 dieta
87 534 144 592 est,
157 532 359 600 argumentum
370 515 573 598 explicaverit,
591 537 629 576 ex
642 516 759 576 nomine
802 514 848 578 καλ
865 514 967 586 νύκτας
985 517 1041 579 ὅθεν
1053 521 1212 596 καταλοήσας
1223 527 1238 584 ὁ
1253 523 1319 592 Zet<
1328 521 1436 592 ταύταις
1448 523 1570 606 ἀνύμνη-

13 615 159 672 illustratur.
174 608 254 670 Nihil
264 608 339 668 enim
352 607 399 666 illa
411 619 505 686 potest
515 604 690 666 continuisse
704 604 759 664 nisi
804 627 845 664 σιν
861 603 996 680 lucaniam
1005 611 1057 668 τῶν
1066 613 1155 670 κακῶν
1168 615 1344 696 μεταμορφῶν
1356 611 1435 682 αὐτὸς
1447 615 1482 682 εἰς
1493 612 1571 695 αἰγοί.

13 701 126 782 querelas
137 696 288 758 Heliadum
296 717 305 769 ς
326 697 377 756 vix
387 696 474 773 'plura
486 695 514 754 ei
525 693 614 752 tribui
627 707 759 774 possunt,
805 715 873 776 ρους,
888 691 966 778 αἵπερ
981 695 1032 755 εἰσλ
1046 693 1147 778 δένδρα.
1162 695 1276 779 Λέγεται
1288 698 1316 760 δὲ
1326 700 1371 761 καὶ
1381 703 1497 763 affigo„
1507 704 1573 762 ἄπο,

12 791 67 870 quia
88 809 144 848 non
167 789 252 869 plura
273 784 371 846 fabula
390 783 541 843 Heliadum
564 781 667 844 tradita
683 795 759 842 sunt.
805 788 942 862 γεννᾶσθαι
951 785 995 845 τὸν
1009 784 1134 870 ἤλεκτρον
1148 791 1195 860 τῆς
1211 789 1323 872 ἀρχαίας
1336 793 1451 871 οἰμωγῆς
1468 795 1573 856 ἀποδο-

12 886 65 954 Quo
76 890 168 937 autern
180 877 246 936 loco
258 874 391 936 Heliades
401 873 517 932 fratrem
527 871 668 946 deflerim,
679 885 761 932 vete-
805 871 935 953 κρυόντων
949 880 1039 934 τοῦτον
1057 874 1158 956 καρπὸν
1175 879 1227 936 τῶν
1245 877 1407 962 δένδρωνἭ
1422 879 1451 940 δὲ
1471 881 1573 966 ἱστορία

11 989 120 1028 resnou
140 967 209 1027 satis
233 977 312 1025 certo
326 963 496 1024 retulerunt.
519 965 625 1022 Omnes
645 962 706 1021 fere
724 960 761 1020 ad
805 958 877 1044 caph
899 971 952 1030 τοῖς
973 971 1113 1048 τραγικοῖς.
1136 969 1181 1024 Ex
1198 966 1283 1026 Plinii
1306 967 1403 1028 verbis
1429 971 1574 1049 colligitur

12 1057 150 1117 Eridanum
169 1055 288 1115 fluvium
304 1053 510 1114 Phaethontem
529 1064 559 1110 et
570 1064 715 1129 repertum
732 1061 762 1107 et
805 1052 970 1128 AEsohylum
989 1053 1146 1112 Eridanum
1163 1075 1296 1130 vocasse,
1315 1059 1365 1135 qui
1383 1059 1440 1117 alio
1457 1062 1574 1120 nornine

11 1143 328 1218 defletum'memoran13
351 1141 402 1202 sed
419 1141 484 1220 quis
505 1139 647 1200 Eridanus
666 1139 761 1210 fuerit,
806 1137 963 1199 Rhodanus
975 1154 1109 1216 vocetur,
1129 1155 1159 1201 et
1170 1162 1232 1202 esse
1243 1145 1323 1202 illum
1340 1145 1447 1206 flumen
1460 1147 1573 1208 Iberia

12 1239 34 1294 in
45 1235 234 1294 controversia
246 1245 387 1293 versatur.
398 1231 565 1293 Welclserus
579 1227 688 1287 Padum
703 1247 762 1285 nou
806 1234 845 1286 At
856 1230 923 1288 satis
933 1243 1046 1289 constat
1061 1231 1225 1310 longissime
1241 1232 1344 1293 lberiae
1355 1237 1576 1314 appellationem

13 1327 82 1385 luisse
100 1336 195 1404 putat,
217 1323 390 1383 Rhodanum
406 1322 469 1381 vult
480 1319 602 1398 intelligi
615 1318 661 1376 vel
676 1318 762 1376 alium
807 1320 941 1397 patuisse.
952 1323 988 1379 Et
998 1321 1076 1400 quod
1091 1321 1126 1380 ad
1140 1322 1327 1381 Scholiastam
1339 1327 1575 1397 Homeriattiaet,

13 1417 113 1474 larium
127 1434 217 1494 usque
231 1414 262 1472 ia
276 1412 456 1492 Hispaniam.
471 1415 575 1470 Censet
596 1407 671 1467 enim
687 1407 761 1466 cele-
806 1409 974 1468 walcherus
993 1410 1131 1470 conclusit
1148 1411 1195 1469 illa
1211 1432 1275 1490 quae
1293 1413 1466 1473 scholiastes
1483 1415 1577 1475 tradat

12 1503 107 1563 bratam
121 1523 181 1564 esse
193 1502 231 1563 ab
245 1503 381 1579 AEschylo
397 1500 540 1574 Rhodam,
551 1496 698 1576 Hispania·
712 1517 763 1576 op-
808 1517 866 1554 nou
879 1517 940 1556 esse
955 1497 993 1556 ab
1004 1498 1144 1577 EurIpide
1160 1513 1289 1580 sumpta3
1304 1521 1373 1581 ergo
1387 1515 1500 1583 sumpta
1516 1523 1578 1564 esse

12 1595 104 1672 pidum,
121 1593 343 1652 Massiliensium
355 1589 513 1665 coloniam,
528 1587 689 1665 eodemque
705 1606 761 1644 uo·
808 1583 844 1642 ab
860 1587 1007 1662 AEschylo.
1023 1588 1057 1646 I‹l
1078 1607 1147 1646 vero
1163 1608 1221 1646 uon
1236 1589 1375 1668 sequitur.
1396 1591 1454 1652 Sed
1471 1613 1577 1653 vanum

12 1684 74 1742 miae
96 1683 180 1742 fuisse
196 1694 318 1740 matrem
341 1678 493 1740 Heliadum
518 1677 691 1756 appellatam
713 1675 761 1734 ait.
807 1685 851 1732 est
864 1673 922 1733 hoc
935 1695 1076 1754 quarere,
1091 1689 1238 1736 utranam
1254 1679 1308 1738 luit
1322 1679 1510 1759 investigare,
1525 1681 1579 1741 ubi
1692 1665 1694 1671 ,

12 1773 223 1852 disputationem
238 1791 301 1830 eam
311 1775 671 1830 Hermannusveramesse
690 1783 760 1844 per·
808 1761 996 1824 Prometheus
1014 1766 1116 1826 affixus
1132 1768 1227 1825 suerit.
1250 1767 1364 1828 Sufficit
1381 1769 1455 1830 scire
1474 1772 1579 1831 Erida-

13 1862 109 1940 ucgarit
137 1881 231 1940 neque
246 1860 339 1919 evinci
358 1857 570 1930 locisceasuit,
593 1855 764 1935 quibuslir-
808 1873 877 1911 uum
892 1853 1000 1913 flumen
1011 1854 1157 1933 Hesperiae
1169 1855 1266 1930 fuisse,
1282 1857 1302 1915 i.
1319 1877 1343 1916 e.
1353 1857 1391 1916 ad
1400 1859 1578 1919 occidentem

14 1949 103 2009 mandre
121 1949 268 2009 sententias
290 1947 456 2008 Welekerus
476 1945 514 2004 sit
533 1963 618 2014 usus,
639 1963 762 2022 quorum
809 1941 922 2015 Solem,
937 1951 1024 2019 atque
1039 1942 1068 2000 ia
1081 1941 1143 2020 ejus
1157 1942 1221 2020 ripa
1233 1956 1343 2003 veteres
1356 1958 1471 2025 putasse
1487 1948 1580 2008 Phae-

13 2038 70 2096 οΙιοο
81 2051 120 2096 est
131 2037 235 2112 plinii,
250 2036 302 2116 qui
311 2037 372 2095 haec
393 2035 509 2114 scripsit
526 2038 687 2108 XXXVII,
703 2055 735 2091 ιι
756 2054 763 2094 :
810 2030 919 2089 tltontis
932 2049 1048 2090 sorores
1059 2031 1088 2089 iu
1103 2031 1230 2110 populos
1242 2053 1304 2093 esse
1315 2047 1446 2096 mutatas.
1460 2036 1519 2096 Vix
1532 2056 1580 2095 au·

13 2128 196 2188 aPhaethontis
206 2127 326 2186 fulmine
336 2127 387 2186 icti
397 2145 511 2186 sorores
524 2125 592 2184 fletu
599 2136 721 2183 mutatas
735 2123 764 2182 iu
810 2130 867 2178 tem
884 2119 962 2178 credi
977 2132 1073 2199 potest
1090 2120 1218 2180 fabulam
1230 2121 1267 2182 ab
1282 2124 1418 2202 AEschylo
1429 2125 1459 2184 in
1472 2126 1580 2206 Hispa·

13 2217 112 2276 arbores
127 2218 259 2296 populos,
276 2217 401 2275 lacrimis
415 2216 554 2274 electrum
567 2213 702 2274 omnibus
711 2233 765 2272 aa·
810 2209 886 2268 niam
897 2227 959 2268 esse
968 2209 1103 2284 delatam,
1118 2211 1186 2288 quia
1196 2211 1330 2272 mulieres
1344 2214 1501 2292 Adrianas,
1517 2235 1582 2294 quae

14 2307 47 2362 uis
62 2305 169 2365 fundere
179 2305 267 2384 juxta
288 2304 449 2365 Eridanum
467 2322 693 2382 arunern,quem
706 2309 763 2362 Pa·
810 2297 1019 2357 Phaethontem
1029 2298 1175 2374 fleverint,
1189 2313 1276 2380 poeta
1289 2316 1505 2364 commemorat.
1520 2309 1583 2364 De-

15 2395 69 2454 dum
84 2417 214 2456 vocamus
228 2407 259 2456 et
272 2397 409 2455 electrum
425 2395 613 2474 appellatum,
628 2393 764 2472 quoniam
809 2386 878 2447 iude
892 2387 988 2447 Padus
1002 2401 1032 2447 et
1042 2389 1202 2449 Rhodanus
1216 2392 1317 2471 procul
1331 2391 1422 2452 dubio
1438 2414 1519 2474 aeque
1538 2393 1584 2454 fa-

16 2485 48 2542 sol
60 2487 189 2546 vocitatus
203 2487 243 2545 sit
256 2483 395 2568 ἠλέκτωρ,
414 2485 532 2565 plurimi
547 2495 641 2564 poetae
655 2482 765 2556 dixere,
809 2474 904 2536 bulosi
920 2491 1003 2537 erant
1015 2479 1163 2557 AEschylo.
1181 2485 1323 2541 Praeterea
1338 2483 1417 2542 nulla
1436 2503 1522 2544 causa
1535 2505 1583 2543 re-

16 2576 138 2656 primique
149 2589 181 2634 ut
192 2574 331 2649 arbitror,
343 2575 507 2652 AEschylus,
521 2573 707 2644 Philoxenus,
717 2571 767 2630 Ni·
810 2566 900 2644 periri
912 2579 1018 2647 potest,
1029 2588 1086 2647 qua
1095 2567 1247 2647 AEschylus
1257 2570 1392 2630 inductus
1403 2573 1450 2649 sit,
1459 2585 1493 2631 ut
1502 2573 1583 2633 Rho-

16 2664 117 2740 cander,
134 2665 304 2744 Euripides,
327 2669 456 2742 Satyrus.
476 2662 563 2737 Quod
583 2681 645 2746 esse
665 2661 765 2720 falsum
810 2656 890 2731 dam,
901 2657 1030 2735 ignotam
1041 2658 1264 2719 Massiliensium
1276 2661 1435 2736 coloniam,
1448 2663 1583 2742 tragoedia

16 2753 88 2812 ltaliae
99 2755 262 2814 testimonio
276 2765 365 2833 patet.
387 2753 592 2832 Diligentiores
610 2749 767 2810 Electridas
811 2744 977 2806 celebraret.

17 2840 103 2902 insulas
113 2843 224 2904 inmari
237 2843 386 2903 Adriatico
403 2863 464 2902 esse
478 2841 629 2917 dixerunt,
644 2838 681 2898 ad
697 2859 766 2918 quas
851 2842 980 2897 Fuerunt
1005 2837 1055 2918 qui
1073 2837 1194 2898 chorum
1208 2857 1246 2899 ex
1255 2837 1426 2900 Heliadibns
1438 2844 1582 2922 composi·

17 2929 170 2992 dilaberetur
183 2931 290 2993 Padus.
310 2937 376 3006 Qua
390 2930 584 3011 appellatione
601 2928 694 2988 nullas
707 2949 766 2988 un·
812 2938 873 2986 tum
890 2928 1053 2999 crederent;
1073 2927 1152 3008 quod
1172 2929 1197 2988 si
1212 2941 1256 2989 est
1277 2949 1394 3006 verum,
1411 2951 1447 2990 ex
1469 2951 1505 2992 eo
1524 2953 1582 2994 uon

17 3039 85 3096 quam
101 3020 140 3080 ibi
152 3022 241 3082 fuisse
259 3033 371 3080 certum
386 3032 430 3078 est
446 3039 540 3098 neque
553 3036 625 3078 vero
638 3017 712 3076 ullas
725 3015 768 3076 ibi
812 3029 855 3076 est
868 3019 1099 3078 concludendum
1113 3039 1161 3078 eas
1174 3020 1204 3079 in
1219 3021 1365 3082 orchestra
1382 3021 1544 3102 obriguisse
1555 3037 1583 3084 et

18 3113 140 3187 appositas
155 3133 225 3184 esse,
240 3113 273 3170 in
286 3130 356 3189 quas
366 3109 524 3190 quidquam
536 3127 623 3167 cursu
637 3106 707 3166 Padi
718 3105 767 3166 de·
811 3107 930 3169 arbores
940 3128 1001 3168 esse
1013 3110 1110 3169 factas.
1126 3111 1199 3184 Quis
1209 3110 1313 3171 dixerit
1322 3112 1446 3172 Niobam
1457 3113 1487 3172 iu
1500 3135 1584 3174 scena

18 3199 68 3257 rehi
84 3202 178 3280 possit.
196 3205 275 3262 Nam
292 3199 371 3278 quod
383 3199 535 3276 AEschylus
551 3198 582 3256 in
595 3195 700 3272 Iberia,
711 3196 767 3254 hoc
811 3199 840 3257 in
854 3218 954 3257 saxum
970 3199 1055 3258 luisse
1069 3213 1261 3279 permutatam
1270 3204 1282 3261 i
1291 3202 1348 3262 Alii
1362 3202 1468 3262 indicia
1481 3205 1585 3264 volunt

20 3301 50 3346 est
59 3290 84 3348 in
95 3291 241 3370 Hispania,
256 3290 415 3349 Eridanum
430 3308 491 3347 esse
503 3287 578 3346 dixit
587 3286 768 3365 eundemque
812 3285 842 3345 in
860 3287 1025 3367 fragmentis
1041 3289 1195 3368 reperisse,
1212 3289 1319 3370 quibus
1331 3303 1429 3370 pateat
1442 3291 1584 3354 Adrianus

21 3379 137 3457 appellari
147 3379 341 3454 Rhodanum3
353 3376 507 3458 Euripides
522 3395 622 3436 rursus
636 3387 666 3434 et
677 3375 768 3453 Apol·
813 3377 949 3437 mulieres
967 3378 1088 3438 chorum
1105 3378 1243 3439 effecisse.
1259 3383 1423 3459 Utrumque
1436 3381 1521 3441 valde
1533 3382 1584 3440 iu·

21 3465 93 3528 lanius
106 3469 135 3528 in
151 3469 302 3530 Adriatico
319 3469 416 3528 littore
438 3465 582 3526 confluere
598 3463 767 3524 Rhodanum
813 3481 924 3528 certum
945 3481 996 3528 est.
1019 3473 1093 3530 Nam
1115 3468 1140 3528 si
1158 3468 1284 3530 dubitari
1304 3490 1362 3528 non
1383 3483 1494 3550 potest,
1513 3473 1583 3550 quin

22 3567 41 3612 tl
52 3557 163 3634 Padum,
179 3559 337 3618 faciliorem
352 3557 466 3616 veniam
482 3555 550 3614 facit
562 3553 687 3633 ignorati
703 3573 766 3612 suc·
812 3558 982 3619 Heliadibus
996 3578 1095 3618 versus
1111 3557 1228 3638 quidam
1242 3560 1394 3632 intereos,
1412 3559 1462 3637 qui
1478 3561 1585 3620 servati

10 3644 97 3706 *riaiin
108 3661 182 3708 tanta
192 3647 273 3709 orbis
285 3647 474 3726 ignorantia.»
486 3645 683 3723 HaecPlinlns3
692 3644 768 3704 idem
814 3660 898 3721 sunt,
914 3647 1092 3707 attribuendi
1103 3649 1178 3722 sint;
1198 3668 1258 3707 non
1272 3649 1344 3706 adeo
1362 3661 1472 3708 certum
1489 3661 1532 3712 est
1545 3649 1584 3708 il·

24 3740 98 3796 testari
109 3740 145 3799 ait
155 3744 336 3802 Remnannus
348 3736 525 3819 Appuleium
538 3737 567 3794 in
580 3735 673 3811 libro,
683 3755 769 3814 quem
813 3737 864 3795 lud
877 3737 1076 3815 fragmentum,
1093 3737 1124 3795 in
1139 3757 1197 3814 quo
1210 3735 1344 3795 Adriauae
1356 3736 1489 3796 mulieres
1505 3758 1586 3796 com-

24 3824 49 3882 de
59 3829 261 3910 orthographia
275 3829 416 3907 seriptum
430 3825 526 3884 Maius
546 3824 638 3884 edidit
652 3845 681 3904 p.
702 3825 769 3886 135.
814 3840 1019 3900 memorantur,
1033 3827 1124 3886 choro
1139 3846 1174 3884 ex
1188 3826 1233 3884 his
1242 3824 1409 3885 mulieribus
1423 3827 1585 3906 composito

25 3913 86 3973 Alter
105 3917 204 3978 deinde
224 3919 306 3978 testis
329 3929 372 3977 est
396 3914 568 3976 scholiastes
592 3915 710 3974 Homeri
733 3913 770 3972 ad
814 3938 876 3977 esse
885 3915 1097 3975 vindicandum.
1114 3920 1187 3976 Sunt
1197 3915 1357 3976 verbahaec
1369 3916 1446 3995 apud
1458 3919 1586 3977 Gratum.

26 4001 107 4080 θύμος.
125 4027 154 4086 p.
172 4010 245 4080 208,
267 4007 318 4087 qui
335 4006 398 4066 haec
422 4004 538 4083 scripsit
557 4025 564 4062 :
584 4001 677 4068 Ἥλιος
688 3999 769 4084 Ῥύδῃ
814 4007 845 4065 in
858 4005 1061 4066 Balihhnecd.
1079 4025 1110 4085 p.
1126 4005 1197 4078 346,
1211 4026 1230 4084 9
1245 4026 1252 4062 ι
1270 4001 1404 4087 Ἀδριαναύ
1416 4027 1444 4064 τι
1455 4013 1586 4084 γυναῖκες.

27 4095 145 4176 riguus-q
157 4097 278 4158 Acamas
292 4097 389 4163 παῖδας
401 4095 473 4176 ἴσχει
484 4092 624 4156 Φαέθοντα
636 4089 681 4152 καὶ
694 4094 774 4171 Λαμ-
816 4095 947 4178 Αἰσχύλος
970 4091 1109 4154 Ἡλιάσιν·
1126 4122 1138 4146 ι
1154 4093 1287 4177 Ἀδριαναύ
1310 4117 1339 4154 τε
1350 4102 1470 4174 γυναῖκες
1490 4091 1585 4178 τρόπον

26 4181 96 4257 salar
115 4187 155 4247 καλ
173 4185 275 4265 Αἴγλην
291 4185 337 4246 καλ
352 4185 519 4246 Φαύθοοσαν.
543 4181 694 4266 Ἀνδροιθελς
713 4179 771 4243 did
815 4183 901 4256 ύξοοσι
911 4181 988 4264 γόων.
1001 4209 1012 4237 ν
1026 4190 1093 4244 Haec
1104 4184 1333 4245 Hermannusita
1344 4182 1504 4266 disposuit:

27 4271 127 4351 Φαέθων,
137 4277 214 4360 ἤρετο
224 4276 274 4350 τὴν
287 4274 390 4360 μητύρα
404 4274 473 4342 τίνος
482 4271 522 4346 εἴη
534 4270 642 4356 πατρός·
653 4269 770 4352 πυθόμε-

27 4381 56 4428 ug
66 4361 88 4423 dl
100 4367 242 4444 ὥςἩλύσυ,
253 4364 411 4451 παρεγίνετο
425 4363 470 4424 ἐπὶ
478 4361 525 4431 τὰς
536 4367 583 4422 τοῦ
595 4360 693 4444 πατρὸς
706 4363 771 4420 ἀνα-

27 4452 93 4520 wlfr·
102 4457 246 4540 γνωρισθεὶς
257 4456 284 4516 dl
298 4456 383 4538 τούτῳ
393 4457 477 4516 ἐδεῖτο
485 4457 532 4514 τοῦ
546 4450 646 4534 πατρὸς
660 4449 701 4510 ἐπ’
710 4450 771 4510 dll-
1486 4505 1489 4511 .

27 4546 128 4617 γασύτιῗι
144 4545 354 4631 σογχωρῆοιιιτθ
364 4546 438 4629 ἅρμα
447 4543 493 4605 καλ
502 4541 562 4610 talu
572 4546 693 4625 ῥυτῆρας,
701 4539 771 4610 ὅπως
814 4541 883 4596 Haec
901 4536 991 4594 choro
1008 4533 1161 4593 mulierum
1173 4537 1354 4592 Hermaunus
1370 4531 1512 4592 attribuit.
1529 4533 1585 4592 Sed

28 4611 186 4698 καιαιτέύοοα
197 4637 241 4698 τοο
253 4635 361 4716 κόσμον·
371 4633 519 4702 ὁδλἯλιας
529 4631 771 4713 ἀκούσαςπαραοτλ
815 4627 897 4685 facile
910 4635 954 4684 est
968 4634 1123 4702 perspectu
1134 4621 1162 4680 id
1172 4619 1276 4700 injuria
1288 4641 1349 4681 esse
1360 4621 1480 4694 factum,
1491 4621 1585 4700 siqui·

30 4716 200 4806 μθύντύλιγεν
217 4725 292 4795 εἰδὼς
303 4725 320 4785 d
332 4725 465 4785 πεύσεται·
481 4719 581 4806 σφόδρα
598 4719 627 4780 δὲ
640 4721 713 4803 αύτῷ
723 4722 769 4800 tq·
815 4715 878 4776 dem
897 4714 1031 4775 Adriane
1044 4712 1179 4771 mulieres
1197 4710 1279 4771 chori
1295 4711 1503 4789 intelliguntur.
1518 4713 1585 4771 Haec

15 4833 16 4860 τ
29 4811 119 4897 κειμένῳ
131 4825 259 4899 ααγραιρεῑ
270 4815 374 4888 διδάξας
392 4813 409 4875 d
423 4811 492 4874 τιτὸ
506 4810 674 4892 μεταίχμιον.
687 4809 770 4870 Ἐπι-
814 4808 839 4865 si
857 4805 978 4864 chorum
997 4802 1224 4876 constituissent,
1239 4809 1299 4860 non
1317 4797 1412 4872 ἕξουσι,
1427 4798 1476 4857 sed
1495 4795 1586 4879 ύχουσι

29 4895 66 4966 litt
80 4900 103 4962 ll
119 4906 210 4974 ἐκεῖνος
223 4906 406 4991 τοῦύρματος,
431 4901 551 4972 ἀτάκτως
563 4901 686 4976 ἤλαυνεν,
702 4897 771 4959 ὥστε
815 4909 865 4956 aut
889 4895 1009 4953 fortasse
1030 4893 1117 4951 etiam
1140 4889 1236 4970 ἔχομαι
1263 4889 1411 4948 dixissent.
1436 4887 1484 4948 Sic
1507 4886 1585 4946 enim

29 4985 137 5053 eiusad
146 4994 188 5056 lati
199 4999 247 5070 τῆς
256 5001 304 5076 γῆς
316 4994 431 5080 φρύγειν·
445 4990 639 5058 καταπεσόντος
652 4988 680 5050 δὲ
691 4991 770 5049 αὐτοῦ
816 5005 901 5044 nemo
912 4984 1038 5062 aliquem
1050 4980 1215 5041 consolatur
1222 5023 1231 5053 ,
1249 4990 1282 5036 ut
1294 4977 1371 5036 dicat
1384 4975 1540 5056 aliquando
1554 4996 1585 5036 se

32 5093 84 5150 μισ
97 5081 140 5155 τῆς
151 5083 220 5156 θείας
229 5085 321 5170 ρλογλς
330 5085 374 5146 lrrl
386 5084 431 5146 τὸν
441 5079 581 5167 Ἠριδανὸν
593 5079 711 5162 ποταμὸν
726 5079 770 5140 καλ
816 5074 925 5133 tristem
947 5073 1074 5131 futurum
1100 5090 1170 5130 esse.
1198 5065 1464 5148 Splendidissimum
1488 5075 1585 5126 autem

33 5167 149 5246 datheo<
162 5175 188 5233 αῑ
200 5174 309 5258 ἀδελφαὶ
327 5171 538 5260 παραγινόμεναι
550 5169 620 5231 κατὰ
633 5167 676 5231 τὸν
690 5168 770 5230 τύπον
815 5165 949 5242 idemque
961 5161 1211 5240 corruptissimum
1226 5158 1417 5237 fragmentum
1431 5166 1490 5232 est,
1504 5153 1585 5236 quod

37 5257 70 5310 et
76 5259 190 5322 Κελτικοῦ
205 5263 333 5345 πελάγους
343 5263 465 5344 ἐθρήνουν
482 5258 584 5345 ἡμύρας
599 5260 771 5326 ἀδιαλείπτως
816 5253 970 5314 Athenaeus
980 5253 1033 5326 X'l,
1043 5271 1072 5331 p.
1084 5251 1153 5327 l69,
1166 5253 1198 5322 F,
1205 5247 1339 5308 servavit.
1350 5246 1488 5328 Disputat
1497 5241 1537 5306 lbi
1548 5241 1585 5305 (le

922 4305 1006 4385 [228]
1023 4294 1175 4399 Adptmai
1192 4329 1227 4372 τι
1244 4312 1381 4398 γυναῖκες

1028 4413 1152 4508 τρόπον.
1163 4405 1261 4489 ἕξουσι
1279 4412 1372 4506 γόων.
