3650 5798
597 369 807 442 SOPHOGLIS
827 371 1078 440 FRAGMENTA.

49 527 128 620 [216]
141 525 188 594 Τὸ
201 526 245 617 ρι’-λ
259 521 316 616 γὰρ
329 517 404 588 εἶναι
415 527 549 612 κρεῖσσον
561 517 580 594 ἢ
593 521 630 585 τὸ
641 511 693 598 ζῆν
702 524 812 593 κακῶς.

51 659 84 714 Et
103 656 184 735 quod
203 668 249 716 est
268 653 612 734 apudHarpocrationem
627 673 654 710 ν.
677 651 813 731 Ξηραλοι-

50 751 113 824 peis,
127 745 161 806 Σ.
176 745 213 806 Π.

49 869 129 954 [211]
145 873 211 938 Kar
229 861 417 961 ξηραλοιφῶν
433 866 557 960 εἵματος
573 856 626 932 διὰ
641 871 776 955 πτυχῶν.

50 1009 161 1068 Chorus
172 1008 282 1068 deinde
294 1007 335 1066 ait
345 1027 375 1066 se
387 1006 549 1066 consentire
562 1025 628 1063 cum
641 1004 734 1064 Peleo.
749 999 816 1060 Ari·

50 1097 145 1174 stoplr.
159 1097 250 1156 Avih.
269 1118 295 1156 r.
315 1095 372 1155 852
390 1095 452 1178 (ubi
472 1094 612 1154 incertum
635 1106 730 1152 tamen
745 1091 815 1150 reli-

50 1187 111 1263 quit
129 1186 300 1246 scholiastes
320 1197 393 1264 quot
411 1181 501 1244 verba
523 1182 580 1242 sint
595 1178 768 1262 ’Σοφοκλέους
785 1179 815 1238 ἐκ

51 1273 179 1354 Πηλέως)
190 1298 197 1331 :

50 1409 129 1489 [118]
205 1393 389 1500 Ορορροθῶ,
406 1405 535 1472 συνθέλω

209 1522 454 1614 συμπαραινέσας
471 1523 531 1612 έχω

209 1626 360 1727 προσόδια
376 1632 496 1728 μεγάλα

208 1745 304 1840 σεμνὰ
321 1749 473 1842 προσιέναι
486 1745 604 1814 θεοῖσιν.

209 1845 682 1952 Μᾶωὼωῷω·

52 1998 72 2055 1.
89 2015 113 2056 e.
127 1993 235 2072 Παιὼν,
249 2011 282 2056 ut
294 1997 432 2057 auxilium
442 1997 553 2057 Peleoa
563 1996 619 2056 deo
632 1996 752 2070 seratur,
764 2011 813 2057 re·-

52 2083 172 2161 deatque
186 2085 324 2144 Achilles.
336 2084 393 2146 Sed
405 2086 474 2144 dum
486 2097 584 2163 sperat
595 2086 686 2145 lilium
699 2084 756 2145 sibi
774 2085 815 2144 le·

53 2183 147 2230 turum
171 2173 330 2246 auxilium,
358 2173 394 2232 de
415 2173 493 2233 illius
523 2185 617 2232 morte
641 2173 674 2231 lit
698 2172 813 2232 certior.

52 2258 128 2318 Stob.
141 2264 265 2332 cxxtr,
282 2282 301 2339 9
314 2282 322 2322 τ

52 2391 131 2478 [219]
143 2399 185 2465 Π.
199 2395 334 2465 Θανόντι
346 2393 432 2485 κείνῳ
446 2398 595 2465 συνθανεῖν
608 2395 680 2490 έρως
694 2399 727 2488 μ’
739 2397 812 2490 ἔχει.

143 2495 297 2598 ΑΉξεις,
309 2510 428 2605 ἐπείγου
441 2503 594 2605 ρηθέν,ιές
607 2513 644 2580 τὸ
657 2512 814 2606 μόρσιμον.

54 2639 155 2694 Secuta
164 2638 283 2696 videtur
293 2637 355 2696 laus
364 2637 492 2697 Achillis.
501 2638 600 2716 Steph.
609 2635 691 2716 [220]
700 2665 711 2690 ι
721 2641 816 2698 Κυκνῖ-

54 2743 91 2788 τις
98 2750 118 2796 '2
128 2715 159 2795 ἧς
171 2723 467 2793 extremitatem.
477 2728 616 2808 Σοφοκλῆς
626 2727 652 2784 la
663 2727 758 2799 Πηλεῖ·
767 2724 814 2786 κα]

54 2809 79 2867 έν
91 2810 223 2890 Harpioi«
234 2812 297 2894 βοὴν
308 2822 432 2874 κυκνῖτιν.
444 2841 455 2868 υ
466 2820 555 2895 Optat
561 2815 659 2874 Peleus
670 2833 707 2873 ne
717 2815 813 2876 auimo

55 2897 251 2978 despondeat,
264 2915 298 2961 ut
310 2901 456 2962 indicatur
476 2921 547 2962 voce
576 2899 657 2988 [221]
674 2903 814 2984 «λιποψυ-

53 2995 129 3064 χεῖν»
143 2991 175 3050 Σ.
190 2992 376 3066 11.,-Antiatt.
391 3011 420 3070 p.
433 2993 503 3065 106,
518 2993 564 3050 13.
575 2997 735 3071 Iovemque
746 3013 815 3071 pre-

55 3089 147 3150 catur,
160 3093 194 3138 ut
209 3094 333 3140 mortem
352 3080 408 3140 sibi
429 3080 538 3142 tribuat
555 3081 657 3155 talem,
677 3082 768 3161 qualis
784 3103 813 3142 se

54 3161 138 3242 digna
152 3167 198 3228 sit.
212 3168 469 3249 schobdristoph.
482 3169 660 3249 Thesmoph.
674 3190 702 3229 v.
716 3172 791 3246 870:

53 3305 197 3394 [222]Μὴ
210 3309 362 3401 deridendi
373 3315 499 3406 zerspt
510 3315 543 3407 ρι’
553 3315 622 3408 ἕλῃς
632 3310 701 3381 ἄνευ
710 3305 811 3406 δορός·

52 3453 169 3514 Δοιίοιι.
182 3475 211 3533 p.
229 3473 303 3534 107,
322 3456 359 3515 30
374 3455 441 3531 :tta
465 3455 596 3537 νόμισον·
620 3459 680 3519 ἀντὶ
701 3463 748 3521 τοῦ
772 3459 811 3539 μὴ

53 3539 164 3617 νομίσῃς.
180 3544 213 3603 Σ.
231 3545 268 3604 Π.
283 3543 329 3602 κα]
341 3545 410 3626 [leg.
426 3545 472 3604 καὶ
485 3548 517 3606 Σ.
530 3548 579 3628 Π.]
594 3546 653 3626 «μὴ
665 3551 794 3629 ψιῦσον.»

376 3693 487 3710 ..-

291 3781 564 3844 PHTHIOTlDES.

89 3903 248 3962 Remanent
259 3903 458 3981 Phthiotides,
471 3926 545 3984 quas
556 3926 609 3965 cur
623 3925 639 3964 a
649 3899 735 3967 Peleo
748 3907 810 3966 dis-

52 3985 234 4066 junrrerrmus,
249 4010 338 4072 supra
349 3991 511 4053 docuimus.
529 3998 580 4054 Est
591 4007 687 4054 autem
697 3995 811 4074 perdil-

53 4073 123 4134 licile
132 4079 209 4138 aliud
223 4081 386 4159 excogitare
395 4095 606 4160 argumentum,
620 4103 679 4161 quo
693 4084 750 4142 illae
761 4104 811 4144 ne-

53 4167 175 4225 cessariae
198 4169 306 4227 luerint
337 4188 493 4247 personm3
522 4191 577 4249 pro
606 4185 687 4231 certo

54 4245 149 4310 haberi
171 4269 267 4332 potest
285 4257 348 4316 illas
366 4277 382 4315 a
403 4257 488 4317 rebus
513 4259 599 4338 gestis
619 4261 740 4320 Achillis
761 4274 810 4321 aut

53 4337 124 4396 Pelei
137 4341 242 4402 alienas
254 4363 313 4401 non
326 4344 423 4403 luisse.
439 4351 536 4420 Quum
552 4365 621 4408 vero
641 4348 713 4418 nihil
726 4349 763 4407 sit
779 4350 809 4408 in

54 4421 289 4509 retuleritis,
310 4431 460 4509 inquibus
479 4434 612 4494 mulieres
628 4434 809 4497 Phthiotides

1567 395 1623 447 287

865 505 1037 570 introductae
1050 511 1169 590 dignum
1184 511 1319 590 tragoedia
1329 529 1528 592 argumentum
1541 518 1626 576 exhi-

866 593 1000 672 buerint,
1013 601 1143 659 omnium
1163 601 1287 660 maxime
1304 614 1346 660 est
1363 602 1504 663 credibile
1521 603 1642 690 tragos-,¹

866 683 943 742 diam
964 687 993 745 irr
1010 689 1085 747 Pelei
1105 689 1223 748 historia
1248 709 1309 748 esse
1330 703 1481 750 versatam.
1504 693 1628 752 Accedit

867 773 945 847 quod
968 775 1134 835 Aristoteles
1152 776 1280 836 subulam
1303 777 1339 836 ad
1356 778 1387 836 id
1403 799 1494 858 genus
1512 782 1627 858 retulit,

867 859 946 935 quod
956 862 1099 935 παθητικὸν
1113 879 1212 938 vocat3
1227 886 1286 943 quo
1299 881 1420 946 apparet
1431 868 1627 928 introductum

867 966 928 1006 esse
940 949 1084 1010 hominem
1094 996 1103 1027 ,
1125 954 1176 1033 qui
1191 955 1287 1015 multis
1307 954 1455 1016 laboribus
1476 957 1628 1016 exantlatis

867 1055 904 1093 rre
921 1037 961 1096 sic
970 1039 1088 1116 quidem
1096 1043 1231 1102 aerumnis
1240 1063 1360 1122 prorsus
1369 1058 1521 1125 exemptus
1532 1047 1628 1106 luerit.

867 1125 1013 1187 Memoriae
1024 1142 1119 1190 autem
1134 1129 1327 1210 Apollodorus
1342 1131 1403 1192 haec
1414 1131 1555 1211 prodidit,
1572 1137 1628 1207 111,

870 1231 916 1285 ra,
928 1233 940 1271 1
954 1213 1074 1288 ιΠηλεθς
1084 1216 1111 1276 δέ
1121 1219 1157 1286 εἰς
1164 1217 1251 1278 Φθίαν
1257 1217 1344 1301 φυγὼν
1351 1217 1627 1301 πρθςΕὗρυτέωνατὸν

867 1297 1004 1383 Ἄκτορος,
1022 1306 1066 1364 ὑπ’
1085 1307 1164 1366 αὐτοῦ
1177 1305 1329 1390 κσθαέρεται
1340 1331 1346 1345 ·
1359 1306 1405 1367 κα]
1419 1306 1549 1387 λαμὸένει
1565 1307 1628 1390 παρ’

759 1473 762 1482 1
867 1389 947 1448 αὐτοῦ
969 1390 1017 1466 πλν
1038 1394 1168 1476 θυγατέρα
1187 1394 1336 1476 ’λντιγόνην
1349 1395 1396 1456 καὶ
1413 1399 1460 1468 τῆς
1478 1394 1565 1479 χώρας
1578 1397 1627 1471 τὴν

866 1475 955 1559 τρέτην
970 1488 1097 1564 μοῖραν...
1110 1481 1246 1544 Ἐντεῦθεν
1258 1483 1286 1544 δὲ
1300 1481 1344 1544 ἐπὶ
1357 1483 1406 1557 τὴν
1419 1483 1499 1567 θήραν
1511 1491 1556 1546 τοῦ
1565 1489 1627 1546 Κα-

866 1565 991 1628 λυδωνίου
1003 1569 1105 1650 κάπρου
1120 1575 1180 1651 μετ’
1193 1571 1357 1654 Εὖροτέωνος
1375 1571 1468 1647 ἐλθὼν,
1487 1572 1628 1657 προέριινος

867 1652 910 1712 tei
931 1654 975 1716 τὸν
991 1661 1039 1717 σῦν
1054 1659 1182 1734 ἀκόντιον,
1191 1660 1355 1744 Εὐρυτίωνος
1364 1661 1491 1742 τυγχάνει
1504 1661 1549 1722 κα]
1558 1661 1628 1721 κτεί-

867 1765 905 1801 νει
920 1744 997 1806 αὐτὸν
1012 1745 1091 1806 ἄκων.
1103 1747 1190 1810 Πόλιν
1203 1747 1251 1828 μέν
1265 1743 1309 1810 οὖν
1322 1753 1352 1810 ta
1364 1751 1451 1819 Φθίας
1464 1749 1575 1834 φεύγων,
1591 1751 1628 1817 εἷς

868 1829 975 1894 Ἰωλκθν
991 1834 1056 1916 πρὸς
1068 1833 1196 1898 Ἄκαστον
1211 1839 1356 1920 ἀφικνεῖται
1366 1840 1411 1900 καὶ
1426 1840 1470 1898 ὑπ’
1482 1841 1562 1900 αὐτοῦ
1575 1864 1628 1900 κα-

867 1920 993 2004 θαίρεται.
1007 1926 1119 1986 Deinde
1130 1942 1227 1987 narrat
1238 1929 1433 2007 Astydarniam
1445 1931 1542 1990 Acasti
1553 1949 1628 1990 uxo-

867 2031 929 2072 rem
943 2033 1041 2073 amore
1053 2015 1131 2075 Pelei
1145 2029 1328 2095 correptam,
1347 2030 1500 2096 postquam
1521 2019 1628 2077 frustra

866 2121 932 2160 cum
945 2103 1109 2176 tentaverit,
1121 2116 1152 2162 ut
1163 2124 1260 2165 secum
1272 2107 1495 2181 concumberet3
1507 2106 1543 2165 ad
1552 2106 1629 2164 illius

867 2210 990 2250 uxorem
1005 2192 1116 2251 misisse
1129 2193 1272 2269 nuncios,
1289 2195 1340 2272 qui
1354 2195 1382 2254 ci
1396 2197 1514 2254 Peleum
1529 2195 1629 2254 Stero-

867 2298 924 2357 pen
938 2281 969 2338 in
986 2281 1201 2340 matrimonium
1214 2281 1370 2342 ducturum
1381 2282 1552 2343 indicarent.
1564 2288 1629 2357 Quo

867 2366 943 2426 lacto
961 2369 1133 2448 Antigonam
1154 2371 1221 2430 vitae
1240 2371 1399 2449 suspendio
1417 2373 1502 2430 finem
1522 2373 1629 2432 secisse.

870 2462 915 2517 lta
929 2457 1135 2534 Apollodorus.
1162 2460 1226 2519 Non
1241 2458 1345 2520 dubito
1367 2462 1436 2538 quia
1457 2461 1541 2538 plura
1555 2481 1629 2520 con-

867 2548 929 2606 fusa
943 2547 1015 2622 sint,
1030 2547 1098 2625 quia
1111 2548 1212 2607 Peleus
1231 2550 1318 2608 etiam
1331 2561 1431 2629 postea
1446 2550 1555 2608 Phthiae
1573 2552 1628 2609 im·

867 2635 980 2714 perium
1006 2634 1142 2694 obtinuit.
1169 2642 1209 2695 At
1241 2649 1284 2696 est
1312 2639 1456 2714 egregium
1485 2638 1628 2716 tragoediae

867 2722 1074 2802 componendae
1087 2736 1299 2803 argmrrentum.
1309 2725 1410 2785 Peleus
1418 2725 1527 2784 invitus
1535 2725 1627 2784 soceri

867 2812 990 2887 occisor,
1003 2812 1193 2872 calumniatus
1205 2813 1283 2892 apud
1297 2833 1416 2872 uxorem
1428 2857 1437 2887 ,
1449 2833 1513 2891 quae
1527 2813 1589 2893 ipsa
1599 2833 1628 2873 se

867 2901 1022 2959 interemit.
1037 2900 1219 2960 Phthiotides
1232 2915 1325 2962 autem
1342 2915 1420 2962 recte
1433 2903 1464 2961 in
1479 2904 1569 2962 choro
1584 2905 1628 2962 in·

867 2987 1066 3067 ducebantur,
1087 2991 1111 3050 si
1126 2989 1222 3050 omnia
1245 2991 1275 3049 in
1297 2991 1402 3050 Phthia
1425 3003 1488 3050 acta
1508 3004 1575 3050 sunt
1595 2992 1624 3050 in

866 3079 954 3136 domo
971 3077 1127 3156 Antigonae,
1142 3097 1201 3156 quo
1212 3078 1315 3138 Peleus
1331 3079 1462 3157 redierit,
1475 3091 1507 3137 ut
1521 3099 1536 3136 a
1552 3079 1627 3138 caede

866 3166 1000 3244 expiatus
1013 3185 1132 3226 uxorem
1147 3177 1298 3245 repeteret.

906 3259 973 3313 Duo
990 3255 1191 3314 tantummodo
1208 3267 1322 3314 exstant
1334 3253 1508 3335 fragmenta,
1531 3274 1628 3333 quaea

867 3341 1013 3402 veteribus
1030 3343 1098 3402 huic
1113 3343 1260 3422 tragoediae
1276 3343 1419 3422 adscripta
1440 3357 1514 3403 sunt.
1530 3348 1628 3403 Unum

865 3441 908 3488 est
918 3430 996 3508 apud
1013 3433 1230 3510 grammaticum
1244 3431 1365 3490 Bekkeri
1389 3451 1417 3509 p.
1435 3433 1510 3509 128,
1525 3432 1542 3488 3
1559 3451 1567 3487 ι
1581 3429 1627 3490 'Ar

864 3517 1078 3599 [συντάσσεται]
1097 3517 1300 3601 παρακειμένοις
1327 3519 1372 3578 καὶ
1390 3520 1625 3600 ὕπερσυντιλικοῐς.

865 3608 898 3666 Σ.
909 3604 1054 3666 Φθιώτισιν
1065 3629 1072 3646 ·

942 3762 1026 3843 [222]
1054 3745 1083 3826 ll
1097 3761 1305 3854 πατροκτόνος
1318 3752 1387 3835 δίκη

969 3875 1092 3948 κέκλητ’
1109 3869 1144 3941 dr
1162 3877 1255 3963 αὐτῷ.

864 4020 1006 4080 Videntur
1023 4021 1086 4080 haec
1108 4020 1195 4080 fuisse
1215 4019 1305 4079 verba
1331 4020 1485 4099 Antigonae
1509 4025 1624 4094 uxoris,

864 4129 929 4188 quae
940 4120 1050 4187 patrem
1071 4107 1188 4169 aPeleo
1201 4108 1409 4186 interemptum
1432 4110 1527 4169 deflet.
1543 4112 1625 4172 Alte-

716 4185 809 4232 ²³¹¹¹⁰¹¹
862 4219 927 4258 rum
942 4199 1134 4276 fragmentum
1158 4209 1201 4256 est
1220 4196 1297 4276 apud
1312 4202 1451 4257 Ioannem
1471 4204 1625 4258 Damasce-

861 4287 970 4346 numin
979 4286 1068 4346 Gaisl.
1080 4285 1246 4366 appendice
1255 4286 1292 4346 ad
1303 4285 1382 4348 Stob.
1395 4289 1452 4346 vol.
1465 4292 1515 4361 lv,
1527 4308 1555 4366 p.
1571 4289 1624 4346 35:

864 4437 1029 4521 Σοφοκλέους
1040 4439 1197 4500 Φθιωτέδωυ
1215 4439 1319 4520 (codex
1334 4379 1433 4519 pudor)
1450 4460 1456 4476 ’

58 4532 1623 4568 —-—-——-——..-.-..—........-..-.....

395 4605 457 4656 217.

118 4673 152 4729 Et
163 4676 234 4732 sicce
246 4677 402 4752 intinguens
415 4694 464 4751 per
476 4679 594 4737 restium
606 4681 701 4755 plicas.

151 4833 314 4904 Consentio,
327 4833 455 4910 idemque
468 4835 532 4894 volo

238 4914 394 4990 suadeoque

133 4999 165 5048 ut
178 4995 281 5066 magnis
293 5011 356 5051 cum
367 4995 610 5069 supplicationibus

135 5072 291 5129 venerandis
303 5072 339 5130 ad
350 5073 417 5132 deos
430 5074 557 5133 accedas.

135 5152 278 5210 Proveniat
287 5153 402 5226 Pythice
412 5153 569 5227 imploratio
580 5154 633 5214 dei.

1213 4613 1276 4664 219.

861 4689 893 4741 P.
913 4685 1032 4742 Animus
1046 4701 1091 4743 me
1105 4685 1207 4759 adigit,
1221 4693 1254 4742 ut
1266 4683 1367 4741 moriar
1378 4697 1441 4739 cum
1454 4681 1503 4738 illo

861 4767 897 4821 A.
915 4763 1029 4832 venies,
1041 4762 1110 4820 nihil
1121 4761 1238 4832 lestina,
1250 4761 1285 4819 ad
1296 4776 1399 4834 eaquae
1410 4769 1475 4817 sunt
1487 4759 1517 4816 in
1528 4758 1603 4818 tatis.

1209 4847 1272 4899 222.

895 4921 1044 4992 Neratius,
1057 4936 1074 4979 o
1086 4920 1276 5048 luppiter232qe
1286 4935 1330 4978 me
1339 4919 1418 4977 tollas
1429 4920 1488 4978 siue
1496 4917 1599 4976 hasta.¹

1022 5065 1053 5073 ”
1175 5068 1317 5127 Parricidii
1330 5083 1413 5127 causa

1037 5147 1062 5205 el
1076 5155 1149 5206 esset
1163 5149 1306 5221 irnputata.
