3650 5798
214 391 270 447 ³⁰⁴

488 516 698 581 ALCMAEON.

251 643 318 702 Fuit
331 643 416 702 etiam
435 643 490 702 alia
502 643 598 703 fabula
611 643 782 704 Alcmeonis
793 643 910 702 nomine
924 641 973 700 in·

209 730 336 808 scripta,
349 749 436 808 quam
451 744 677 791 commemorant
688 731 853 809 Hesychius
862 742 893 790 et
906 734 974 790 Por·

210 816 341 896 phyrius.
357 820 444 879 Felici
457 819 625 897 conjectura
638 819 806 880 Welclterus
822 837 935 890 versum
956 837 972 876 n

210 907 357 965 Prisciano
379 919 635 967 commemoratum
656 907 719 986 (11,
738 926 767 985 p.
788 907 861 983 trs)
878 903 971 964 eidem

212 995 357 1070 tragoediae
371 995 594 1056 adscribendum
610 1015 672 1054 csse
685 995 766 1055 vidit
784 993 895 1054 Deinde
909 991 973 1051 duae

210 1081 283 1141 Attii
297 1083 442 1160 tragoediae
454 1084 599 1144 Alcmaeon
617 1097 647 1142 et
659 1081 843 1162 Alphesiboea
862 1099 972 1139 memo·

210 1183 330 1242 rantur,
347 1189 412 1248 quae
433 1184 465 1230 ut
484 1184 566 1231 erant
584 1173 666 1230 unius
683 1170 828 1248 tragoediae
842 1169 901 1227 duo
915 1187 972 1225 uo-

211 1258 297 1329 mina,
320 1258 349 1316 id
364 1259 442 1336 quod
451 1259 510 1336 jam
526 1259 638 1337 pridem
655 1258 755 1318 avitis
765 1257 858 1316 doctis
876 1255 973 1314 obser·

211 1357 308 1403 ratum
335 1358 397 1421 est3
423 1347 460 1405 ab
484 1348 649 1407 Alcmaeone
674 1345 826 1424 Sophoclis
853 1344 973 1402 diversae

211 1431 298 1490 luisse
314 1453 373 1491 non
389 1434 531 1493 videntur.
549 1440 683 1494 Testatur
704 1445 841 1512 praeterea
860 1431 973 1490 Aristo·

212 1521 282 1577 teies
301 1519 399 1600 (Poet.
413 1543 437 1581 c.
457 1525 491 1582 ι3
501 1521 511 1602 )
520 1524 709 1581 Alcmaeonem
723 1522 810 1580 fuisse
824 1521 899 1578 inter
913 1537 972 1591 eos,

211 1607 271 1684 qui,
285 1609 365 1686 quod
376 1611 486 1669 atrocia
502 1623 553 1670 aut
565 1611 685 1670 fecerint
698 1621 748 1669 aut
765 1609 891 1681 tulerint,
906 1607 972 1666 ideo

212 1696 393 1772 potissimum
408 1719 424 1756 a
436 1699 531 1779 poetis
542 1699 626 1758 electi
639 1700 707 1772 sint,
718 1698 748 1756 in
761 1696 866 1776 quibus
877 1694 973 1756 elabo-

212 1797 318 1842 tarent.

252 1875 358 1930 l’raeter
371 1874 439 1948 illa,
458 1895 522 1953 quae
544 1881 572 1932 in
597 1874 737 1953 Epigonis
760 1871 946 1950 exposuimus
965 1912 974 1943 ,

211 1960 367 2019 Pausanias
381 1981 442 2020 rem
454 1963 580 2042 explicat
593 1962 683 2042 (vllt
695 2003 703 2034 ,
716 1971 771 2032 οη,
786 1959 821 2038 t)
834 1980 841 2016 ι
858 1957 892 2019 ‘O
910 1955 974 2018 Ἀλ-

211 2045 316 2125 κμαίων
326 2047 404 2120 ἡνίκα
415 2049 463 2122 την
478 2050 580 2133 μητέρα
593 2048 747 2114 ἀποκτείνας
763 2045 855 2128 ίφυγεν
869 2044 895 2115 ἐξ
911 2040 975 2124 Ἀρ·

211 2156 281 2212 γους,
303 2134 363 2194 τότε
377 2138 413 2203 είς
426 2137 474 2210 τὴν
487 2140 607 2221 Ψωφῖδα
633 2135 714 2196 {Athe
729 2134 836 2214 Φηγίαν
855 2133 908 2194 άπὸ
927 2137 974 2192 τοῦ

212 2221 327 2300 Φηγέως
358 2223 554 2304 ὀνομαζομένην
584 2223 733 2308 συνῴκησεν
749 2221 914 2304 Ἀλφεσιόσίιρ
941 2225 974 2302 τῇ

139 2350 141 2358 ι
211 2307 325 2389 Φηγέως
343 2312 469 2394 θυγατρί,
491 2313 536 2373 καί
550 2315 616 2393 αὐτῇ
635 2315 706 2393 δῶρα
729 2311 773 2372 καί
786 2311 855 2372 ἄλλα
868 2313 913 2370 καὶ
929 2309 974 2370 τθν

211 2395 292 2479 όρμον
306 2397 420 2459 δίδωσιν.
435 2399 484 2469 Ὦς
499 2399 528 2461 δέ
542 2403 656 2462 οἰκοῦντι
671 2403 743 2482 αὐτῷ
764 2399 838 2484 παρὰ
850 2407 904 2466 τοῖς
916 2398 975 2480 Ἀρ·

211 2484 289 2546 κάσιν
301 2485 375 2545 οὐδὲν
389 2487 518 2567 έγίνετοὴ
537 2489 610 2557 νόσος
625 2487 703 2572 ῥᾴων,
724 2487 867 2571 κατέφυγεν
886 2487 929 2547 ἐπὶ
945 2511 975 2547 το

211 2582 333 2652 μαντεῖον
345 2574 374 2635 τὸ
387 2577 413 2634 ἐν
429 2578 546 2659 Δελφοῖς.
560 2576 614 2638 Καὶ
629 2577 738 2650 critiri,
755 2575 842 2639 Πυθία
859 2577 975 2636 διδάσκει

211 2661 254 2722 τθν
272 2661 414 2745 Ἐριφύλης
426 2663 559 2748 ἀλάστορα
574 2664 708 2739 ἔςταιίτην
723 2669 746 2725 οἱ
766 2664 857 2747 χώραν
867 2667 896 2724 οὒ
910 2687 975 2723 συν-

212 2752 407 2830 ακολουθνζσιιν,
425 2755 482 2829 ἥτις
493 2757 549 2816 ἐστὶ
561 2757 689 2832 νεωτάτη,
705 2757 780 2829 καὶὴ
797 2756 915 2816 θάλασσα
928 2759 974 2813 τοῦ

212 2837 336 2921 μητρῴου
354 2841 503 2921 μιάσματος
520 2841 646 2926 ἀνέφηνεν
659 2845 765 2927 ὕστερον
783 2842 975 2916 strinxerit

213 2926 261 3005 μίν
275 2927 383 3010 ἐξευρὼν
406 2936 452 2990 τοῦ
477 2931 606 3012 Ἀχελιθου
619 2933 667 3006 τὴν
688 2932 852 3015 πρόσχωσιν,
864 2933 974 2991 tinette

212 3013 314 3096 ᾤκησεν
326 3018 373 3078 καὶ
383 3027 494 3096 γυναῖκα
506 3021 569 3100 έσχε
589 3020 756 3103 Καλλιρρόην
778 3027 825 3080 τοῦ
845 3017 974 3099 Ἀχελιθον

213 3101 343 3183 θυγατέρα
356 3104 427 3186 λόγῳ
440 3109 478 3186 τῷ
490 3106 653 3188 Ἀκαρνάνων
665 3132 673 3146 ·
687 3107 732 3166 καί
744 3109 768 3166 cl
782 3109 873 3174 παῖδες
881 3107 975 3188 Ἀκαρ-

212 3188 260 3249 νάν
280 3213 309 3250 τε
329 3189 375 3250 καὶ
396 3191 553 3274 Ἀμφότερος
578 3192 723 3270 ἐγίνοντο...
743 3193 926 3272 Ἐπεθόμησεν
957 3198 974 3268 ἡ

213 3275 364 3360 Καλλιρρόη
379 3281 425 3352 τῆς
439 3277 584 3362 Ἐριφύλης
596 3282 620 3339 οῖ
633 3280 754 3360 γενέσθαι
767 3279 811 3340 τθν
831 3279 911 3362 όρμον
930 3280 976 3340 καί

212 3363 248 3422 δι’
257 3366 321 3425 αὐτὸ
332 3365 475 3447 έςΦηγίαν
492 3367 538 3428 τδν
553 3368 719 3447 Ἀλκμαίωνα
733 3367 847 3429 ἔστειλεν
869 3369 973 3430 άκοντα·

212 3451 258 3511 καί
270 3453 347 3513 αὐτὸν
358 3454 409 3515 ὑπὸ
416 3454 530 3536 Φηγέως
537 3457 590 3516 τῶν
600 3457 701 3518 παίδων
712 3456 837 3537 Τημένου
846 3455 892 3516 καί
900 3454 975 3525 ’Allo

212 3563 255 3608 νος
269 3541 475 3623 δολοφονηθέντα
487 3542 615 3604 inlicite
628 3549 645 3617 ἡ
658 3545 778 3619 τελευτή.
790 3549 847 3607 Τοῦ
860 3543 974 3623 Φηγέως

213 3627 241 3686 δέ
252 3630 276 3686 ol
288 3630 378 3697 παῖδες
393 3633 432 3712 τῷ
444 3629 590 3693 Ἀπόλλωνι
606 3635 739 3694 ἀναθεῖναι
757 3637 796 3716 τῷ
818 3635 844 3692 έν
865 3635 974 3710 Δελφοῖς

211 3715 331 3795 λέγονται
345 3717 388 3777 τὸν
402 3717 492 3799 όρμον.
504 3721 626 3800 supplet
637 3722 768 3800 quaedam
780 3723 972 3801 Apollodorus

211 3811 262 3879 Ill,
274 3828 301 3880 7,
316 3807 350 3880 53
361 3808 568 3869 sednominum
577 3810 726 3870 diversitas
736 3810 797 3870 haec
807 3813 975 3891 asophocle

212 3915 272 3953 nou
288 3914 350 3954 esse
377 3899 498 3975 repetitu
520 3899 614 3959 docet.
639 3901 768 3978 Hyginus
789 3899 857 3960 Fab.
881 3902 935 3959 125
960 3921 976 3960 a

211 3981 326 4060 Phegeo
352 3985 459 4063 Alphei
489 3987 547 4046 lilio
578 3989 771 4048 Alcmaeonem
791 3987 974 4049 interfectum

180 4151 181 4154 γ
212 4083 321 4131 narrat.
335 4075 502 4151 Propertius
516 4079 539 4148 l,
553 4077 598 4146 15,
615 4076 648 4135 15
664 4100 671 4134 :

247 4194 420 4289 Alphesiboea
431 4213 497 4255 suus
506 4200 566 4294 ulta
575 4210 618 4258 est
630 4219 678 4276 pro
691 4206 807 4279 cunjuge
818 4205 933 4277 fratres,

285 4289 426 4347 sauguinis
436 4284 464 4333 et
477 4293 531 4334 cart
542 4283 649 4339 rmcula
663 4284 738 4357 rupit
751 4301 837 4344 amor.

212 4395 326 4470 Quibus
338 4399 466 4461 versibus
478 4402 550 4460 nihil
568 4404 645 4464 aliud
661 4419 732 4486 puto
753 4407 873 4488 intelligi
889 4430 974 4488 quam

759 381 968 446 sorrtocus
988 381 1242 446 FRAGMENTA.

1027 534 1088 574 esse
1100 535 1165 575 eum
1178 513 1315 574 fratribus
1331 517 1480 596 uitamque
1492 535 1557 576 eos.
1572 521 1621 576 Ita
1632 515 1790 596 trogodirn

1026 604 1209 664 concinnavit
1220 625 1255 663 ex
1268 605 1434 682 fragmentis
1448 605 1538 678 Attii,
1553 624 1656 684 neque
1670 604 1791 664 dubitan-

1026 691 1095 750 dum
1108 699 1150 753 est
1162 693 1232 770 quin
1245 693 1335 752 mults
1347 704 1376 751 et
1394 691 1584 752 subtilissime
1606 693 1757 752 invenerit
1771 709 1792 753 et

1025 781 1172 857 ingeniose
1184 782 1388 860 composuerit.

1064 868 1225 928 Videndum
1237 883 1279 928 est
1289 869 1360 948 quid
1372 869 1524 929 conveniat
1535 869 1701 948 tragoediae.
1712 871 1792 930 Facile

1025 957 1275 1037 intelligiturnihil
1288 978 1370 1037 aeque
1386 977 1447 1017 esse
1460 957 1602 1017 idoneum
1618 979 1658 1016 ac
1680 958 1793 1016 reditun

1025 1045 1205 1118 Alcmeonis,
1214 1067 1303 1127 quum
1312 1059 1455 1126 repeteret
1463 1047 1583 1120 monile,
1591 1047 1680 1125 quod
1691 1061 1793 1104 autent

1026 1135 1152 1212 Apollini
1173 1136 1358 1195 dedicaturus
1383 1148 1433 1194 aut
1464 1135 1590 1194 daturus
1621 1135 1793 1195 Callirrhoe.

1027 1223 1197 1283 Multovero
1206 1224 1373 1284 credibilius
1385 1238 1429 1283 est
1436 1224 1617 1303 Sophoclem
1627 1244 1695 1282 rem
1709 1223 1791 1281 iraat-

1026 1313 1669 1392 ornasse,utAlcrnaeonmonilepeteretquod
1676 1313 1791 1391 Apollini

1025 1419 1056 1458 se
1068 1401 1266 1462 dedicaturum
1280 1402 1399 1476 diceret,
1410 1423 1468 1481 quo
1483 1403 1597 1460 insania
1614 1399 1791 1459 liberaretur.

1027 1488 1059 1548 ld
1074 1489 1214 1568 probatur
1238 1491 1365 1564 oraculo,
1390 1490 1468 1569 quod
1488 1502 1586 1549 exstat
1605 1491 1695 1569 apud
1714 1491 1791 1549 Athe

1026 1596 1120 1637 naeum
1130 1581 1171 1658 (p.
1185 1579 1251 1654 232,
1261 1579 1295 1658 F)
1309 1592 1337 1638 et
1354 1579 1495 1656 prolixius
1509 1578 1590 1658 apud
1604 1581 1792 1640 Eustatbium.

1027 1671 1099 1740 Quae
1113 1667 1228 1727 sirecte
1248 1687 1374 1746 vereque
1398 1665 1607 1741 diviserimus,
1632 1667 1792 1746 reliquiis

1025 1755 1079 1814 cile
1103 1755 1321 1814 concinnantur.
1345 1754 1530 1833 Alphesiboea
1545 1774 1607 1812 una
1625 1769 1675 1814 est
1691 1777 1728 1814 ex
1746 1757 1790 1814 illis

1027 1845 1176 1923 generosis
1191 1844 1370 1918 mulieribus,
1383 1863 1446 1922 quae
1458 1864 1517 1902 non
1528 1842 1597 1902 ideo
1616 1844 1729 1902 marito
1741 1863 1791 1902 sue-

1027 1933 1151 2010 censuit,
1167 1933 1244 2012 quud
1257 1933 1341 1991 aliam
1355 1952 1410 2010 pro
1422 1953 1452 1991 se
1465 1950 1587 1991 uxorem
1599 1932 1635 1990 iu
1656 1933 1791 1990 matrina

1027 2024 1106 2081 nium
1118 2022 1254 2082 duxisset.
1264 2022 1299 2080 Id
1312 2022 1390 2080 euim
1402 2020 1506 2080 iactum
1520 2033 1585 2079 erat
1599 2021 1636 2079 in
1648 2021 1708 2080 alis
1721 2034 1792 2092 tens,

1027 2110 1056 2169 in
1075 2129 1161 2190 qnam
1172 2110 1221 2169 illa
1234 2109 1425 2170 Alcrnaeonem
1438 2110 1520 2187 sequi
1531 2122 1584 2167 aut
1601 2109 1744 2187 nequivit
1753 2123 1792 2166 rut

1027 2199 1130 2260 noluit.
1146 2205 1208 2258 Jam
1223 2217 1338 2258 reverso
1349 2198 1412 2275 illo,
1430 2210 1463 2256 ut
1479 2196 1600 2270 mouile,
1613 2216 1681 2273 quo
1696 2197 1793 2256 inserit

1027 2285 1063 2346 ab
1075 2286 1210 2365 Apolline
1225 2287 1412 2358 liberaretur,
1431 2297 1577 2362 repeteret
1590 2282 1714 2363 deoque
1731 2285 1794 2343 dedi-

1027 2388 1120 2448 caret,
1134 2376 1164 2434 in
1182 2394 1263 2454 spem
1282 2373 1445 2445 adducitur,
1465 2374 1526 2432 lore
1546 2384 1582 2430 ut
1605 2393 1682 2431 cum
1703 2375 1795 2432 marito

961 2486 969 2508 ι
1028 2465 1168 2523 continuo
1188 2465 1264 2522 vivat
1281 2460 1396 2522 sublato
1413 2460 1525 2520 morbo.
1547 2461 1641 2533 Quod
1662 2482 1735 2520 vero
1757 2463 1795 2518 ills

1028 2565 1124 2630 sperat
1138 2565 1293 2631 optatque,
1308 2549 1446 2610 fratribus
1459 2562 1502 2609 est
1514 2551 1655 2608 omnium
1671 2551 1794 2628 ingratis

1027 2641 1144 2715 simum,
1161 2641 1212 2718 qui
1225 2651 1359 2700 verentur
1369 2659 1406 2698 ue
1419 2638 1531 2698 reddito
1545 2639 1654 2696 monili
1674 2659 1794 2718 magnam

1023 2727 1165 2805 jacturam
1183 2729 1290 2788 iaciant
1302 2742 1456 2806 receptore
1475 2728 1652 2788 Alcmaeone
1672 2747 1795 2804 magnam

1027 2835 1117 2893 opum
1134 2829 1245 2898 partem
1256 2817 1386 2896 perdant.
1396 2820 1496 2893 ltaque
1506 2815 1679 2873 immittunt
1693 2835 1795 2874 serron

1027 2903 1122 2980 pretio
1152 2917 1339 2982 corruptum,
1364 2923 1450 2982 quem
1469 2902 1535 2961 ideo
1557 2901 1751 2974 subornant,
1772 2915 1795 2958 ut

1029 2991 1123 3068 pellici
1137 2989 1235 3050 datum
1255 2992 1291 3050 iri
1305 2993 1413 3051 monile
1434 2989 1471 3049 ab
1491 2992 1668 3051 Alcmaeone
1689 2991 1795 3049 indicet.

1029 3083 1095 3152 Quo
1109 3079 1185 3137 facto
1200 3078 1357 3158 Phegeum,
1380 3079 1432 3158 qui
1451 3079 1557 3138 monile
1581 3079 1693 3138 rolens
1714 3077 1795 3137 redde

1029 3179 1110 3226 turus
1128 3181 1207 3240 erat,
1228 3167 1265 3226 ad
1292 3168 1398 3227 eaedem
1419 3167 1593 3228 Alcmaeuuis
1615 3180 1795 3246 permovent

1028 3253 1143 3313 lnsidiae
1164 3267 1333 3330 stmuntur,
1350 3255 1492 3314 occiditur
1514 3256 1692 3328 Alcmaeon,
1708 3257 1757 3333 qui
1771 3267 1796 3312 ut

1027 3343 1137 3402 atrocia
1149 3343 1266 3418 fecerat,
1278 3345 1318 3403 ita
1332 3345 1439 3404 atrocia
1451 3363 1567 3422 quoque
1578 3357 1795 3420 passuruserat:

1027 3431 1122 3490 hucin
1136 3451 1168 3490 re
1189 3432 1319 3491 diversus
1333 3431 1369 3491 ab
1382 3435 1498 3503 Oreste,
1518 3430 1602 3508 quod
1626 3451 1737 3510 expers
1754 3430 1795 3508 ju-

1028 3519 1096 3578 dicii
1114 3521 1212 3579 matris
1224 3522 1313 3578 ultori
1331 3519 1498 3592 succubuit;
1510 3519 1562 3578 sed
1576 3521 1677 3578 multo
1695 3521 1796 3578 facilius

1029 3607 1082 3666 fuit
1097 3623 1190 3687 poetae
1203 3609 1257 3668 hac
1274 3611 1304 3667 in
1326 3629 1358 3669 re
1377 3608 1510 3667 vindictae
1527 3607 1640 3666 divinae
1663 3609 1794 3666 ultionem

1029 3715 1208 3774 expromere.
1232 3695 1416 3776 Alphesiboea
1449 3708 1545 3754 autem
1572 3695 1681 3754 audita
1712 3696 1794 3753 mariti

1030 3785 1106 3844 caede
1126 3785 1263 3845 fratribus
1285 3784 1446 3864 exprobrat
1466 3783 1585 3843 crudele
1598 3785 1717 3843 facinus
1731 3784 1793 3842 sibi-

1029 3893 1085 3952 que
1097 3874 1200 3932 factam
1214 3874 1363 3952 injuriam,
1379 3873 1415 3932 ab
1428 3873 1473 3932 his
1486 3892 1558 3932 vero
1574 3893 1650 3931 saxo
1676 3871 1795 3930 includi-

1030 3972 1085 4022 tur.
1104 3965 1204 4039 Neque
1224 3962 1316 4020 multo
1333 3962 1447 4020 diversa
1468 3972 1534 4020 sunt
1548 3980 1616 4038 quae
1628 3959 1794 4018 Aristoteles

1028 4050 1182 4129 exscripsit
1204 4071 1239 4109 ex
1255 4049 1429 4110 Theodectis
1452 4048 1742 4126 Atemaeone(1ther.
1763 4049 1794 4112 ll,

1030 4138 1078 4210 23,
1093 4137 1121 4215 3)
1135 4159 1141 4194 :
1158 4137 1300 4197 Alcmaeon
1314 4138 1374 4197 fato
1390 4157 1444 4196 suo
1460 4137 1670 4217 queribundus
1688 4135 1794 4194 dubitat

1028 4244 1065 4284 an
1080 4229 1199 4284 matrem
1214 4240 1290 4286 reete
1304 4226 1490 4286 interfecerit.
1506 4229 1582 4284 Tum
1593 4223 1793 4304 Alphesihoes:

1128 4332 1239 4415 Μητέρα
1253 4332 1301 4406 τὴν
1313 4333 1361 4406 σὴν
1376 4332 1445 4399 οὔτις
1456 4331 1563 4411 έστυγεν
1577 4334 1701 4412 βροτῶνς

1028 4436 1092 4518 φησί
1106 4434 1133 4498 δέ
1145 4437 1354 4523 ἀποκρινόμενος·

212 4485 428 4564 Alphesiboeam
440 4489 542 4550 fratres
556 4511 572 4550 a
584 4493 649 4553 filiis
663 4495 722 4554 suis
736 4496 908 4556 occidendos
924 4520 976 4558 cu-

213 4593 300 4635 rasse.
1128 4540 1208 4602 ’Ᾱλλθ
1220 4541 1380 4601 &sahasim
1394 4539 1447 4623 χρὴ
1459 4549 1574 4601 σκοπεῖν.

252 4662 362 4726 Pabula
376 4687 548 4748 quamquam
563 4671 735 4748 tragicorum
748 4672 886 4752 operibus
897 4677 972 4734 cele·
1028 4651 1175 4732 ’Eli-‘lli‘
1209 4651 1237 4712 δέ
1266 4656 1313 4726 ἧς
1345 4651 1522 4737 Ἆθθῑσίὸοίας
1547 4653 1625 4728 “5⁴3
1656 4652 1790 4712 *ma*

211 4751 295 4813 brata
319 4766 378 4828 est,
405 4769 499 4818 tamen
522 4759 606 4819 valde
626 4759 743 4821 difficile
764 4775 807 4821 est
828 4765 974 4839 iuvenire,
1028 4762 1114 4820 Wl'

213 4840 292 4919 quod
312 4861 511 4922 argumentum
530 4850 675 4929 tragoediae
690 4850 784 4925 fuerit,
810 4873 895 4931 quam
921 4861 975 4914 So-

213 4928 331 5030 phocles
343 4937 516 5012 composuit.
537 4939 698 4998 Welcherus
714 4961 731 4999 a
752 4955 837 5019 poeta
850 4943 974 5002 Alcmae-
1028 4951 1101 5020 Quae
1112 4965 1286 5023 quamquam
1301 4947 1403 5023 exigua
1419 4957 1502 5020 sunt,
1516 4944 1654 5003 nonnihil
1676 4943 1787 5005 subsidii

213 5035 278 5075 onrs
302 5017 426 5118 reditum
455 5025 484 5081 in
513 5026 665 5086 Arcadiam
692 5029 868 5108 Psophidem
892 5043 975 5109 putat
1028 5045 1122 5092 tumen
1148 5033 1218 5092 huic
1243 5033 1308 5091 loco
1337 5033 1374 5094 ad
1402 5033 1620 5110 intelligendam
1648 5033 1789 5112 tregoediae

213 5117 377 5182 expositum
390 5129 460 5184 esse,
474 5123 506 5169 ut
518 5114 672 5174 monileab
685 5136 775 5175 uxore
796 5117 908 5177 deserta
930 5139 976 5197 pe·
1028 5140 1169 5180 summam
1188 5120 1322 5180 afferunt.
1343 5127 1472 5200 Apparet
1496 5121 1717 5200 Alphesiboeam
1738 5139 1787 5180 nun

216 5203 299 5267 teret,
321 5205 380 5252 tum
392 5197 518 5256 occisum
532 5213 560 5258 et
578 5202 790 5281 Alphesiboeam
808 5207 973 5269 altercatum
1028 5209 1171 5290 zelotypia
1184 5222 1278 5270 actam
1292 5228 1385 5289 neque
1403 5210 1575 5268 Alcmeonis
1597 5209 1785 5270 adversariam

1128 4837 1186 4910 Τὴν
1197 4837 1244 4918 μέν
1257 4843 1342 4899 θανεῖν
1357 4838 1472 4924 έκριναν,
1486 4837 1532 4918 ἐμὲ
1545 4837 1572 4897 δέ
1586 4836 1628 4916 μὴ
1640 4849 1756 4899 κτανεῖν.
