3680 5790
587 405 797 468 soeflocsts
820 405 1071 473 FRAGMENTA.

33 541 127 602 silium
145 539 452 620 adjuvit,donechaec
465 538 539 600 lilios
556 559 593 600 ex
611 541 662 600 illo
683 562 750 602 vase
762 561 802 601 re·

32 630 177 708 cognorit,
193 649 257 708 quo
267 629 428 688 olimerant
438 629 670 707 expositildultx
680 631 742 692 sine
752 631 804 689 du·

33 719 79 779 bio
91 720 128 778 de
139 739 176 778 eo
184 718 265 778 dicta
273 729 352 796 sunt,
361 730 394 777 ut
402 717 650 799 exAt'istophanis
659 719 803 792 versibus,

31 828 102 886 quos
114 828 204 888 supra
223 808 390 887 posuimus,
408 808 600 886 cognoscitur.
623 812 668 868 lta
688 810 801 879 iratres,

32 897 108 974 quod
133 897 208 976 ipsis
232 896 395 976 periculum
417 895 551 966 instaret,
572 898 711 958 certiores
733 898 804 957 lacti

31 986 132 1045 Sidera
146 983 300 1045 occidunt.

68 1075 176 1136 Odium
199 1093 336 1133 novercae
355 1075 477 1141 sortasse
490 1074 583 1154 glossa
602 1075 740 1153 Hesychii
758 1077 804 1135 in-

32 1162 104 1222 dicat
125 1162 212 1242 [861]
235 1187 248 1214 ι
262 1158 398 1242 {gimnus
413 1160 563 1242 μισήματα.
577 1164 610 1223 Σ.
625 1165 717 1246 Τυροῖ.
732 1166 803 1225 cod.

33 1251 170 1331 τυράννοις.
183 1251 309 1330 (lterum
324 1249 411 1328 hujus
421 1249 524 1310 fabulae
540 1252 639 1311 titulus
649 1267 803 1333 corruptus

33 1341 145 1399 videtur
157 1339 190 1399 in
203 1341 260 1399 hac
281 1339 411 1417 ejusdem
427 1341 464 1420 gl.
483 1363 491 1400 ι
509 1342 730 1424 «Καρπομανής,
740 1370 753 1397 ν
767 1345 803 1412 εἰς

32 1427 102 1511 κόρον
130 1427 315 1510 ἐξυὸρίζουσα.
342 1430 409 1510 Σοφ.
429 1427 544 1509 τυριλάω
566 1431 651 1512 (sich)
685 1437 802 1510 Tyrone

33 1530 125 1578 annm
135 1529 295 1576 excusante
306 1516 386 1596 quod
401 1537 507 1595 pueros
520 1519 590 1579 olim
605 1519 739 1580 occidere
748 1540 801 1580 ro-

32 1606 131 1681 luerit,
152 1605 354 1685 respondetur
373 1605 468 1687 (Stob.
485 1611 642 1689 xcvt‚6):

33 1747 111 1831 [³621
122 1727 214 1812 Ᾰιιων
226 1735 257 1814 δ’
270 1745 416 1840 ἁμαρτὼν
429 1747 512 1828 οὔτις
525 1747 800 1853 ἁνθρώπωνκακός.

34 1901 150 1960 Videtur
181 1902 309 1960 nuncius
337 1901 456 1962 Siderds
484 1903 589 1964 cadem
617 1909 801 1989 exposuisse3

35 1989 132 2050 deinde
159 1991 333 2053 Salmoneus
358 1991 511 2070 indignans
534 1993 740 2072 intervenisse,
768 2011 802 2059 ut

34 2077 184 2139 vindictam
206 2093 337 2140 sumeret
357 2080 395 2140 de
415 2083 594 2162 peregrinis,
611 2085 661 2164 qui
678 2087 801 2150 comiter

35 2169 140 2247 recepti
171 2181 287 2230 tantum
324 2169 436 2230 lacinus
459 2172 665 2235 commiserint.
696 2176 800 2236 Athen.

34 2258 83 2330 lll,
100 2275 128 2336 p.
142 2277 191 2335 99,
202 2261 246 2318 1²:
261 2260 399 2341 Σοφοκλῆς
413 2282 442 2319 τε
457 2262 483 2320 ἐν
497 2262 599 2343 Τυροῖ·

35 2397 112 2478 [aaa]
126 2393 247 2464 Σίτοισι
263 2397 482 2492 παγχόρτοισιν
500 2391 676 2493 ἐξενίζομεν.

37 2539 166 2621 idemque
183 2543 337 2604 Athenaeus
349 2549 408 2618 XI,
433 2565 463 2624 p.
489 2545 556 2619 475,
571 2551 615 2604 A:
632 2544 801 2625 Μνημονεύει

37 2624 63 2687 dl
74 2632 123 2690 τῶν
136 2632 295 2714 καρχησίων
309 2631 356 2692 καὶ
368 2633 508 2716 Σοφοκλῆς
520 2635 617 2717 Τυροῖ·

322 2772 405 2852 [ast]
433 2771 609 2862 Προστῆναι
626 2771 720 2862 μέσην

139 2875 294 2977 τράπεζαν
310 2881 387 2977 ἀμφὶ
403 2889 476 2950 σῖτα
489 2883 542 2951 καὶ
556 2890 720 2978 καρχήσια·

39 3025 98 3109 πρὸς
118 3029 165 3104 τὴν
186 3031 323 3115 τράπεζαν
349 3031 458 3114 φάσκων
491 3031 716 3113 προσεληλυθέναι
740 3031 800 3104 τοὺς

39 3115 173 3196 δράκοντας
186 3121 235 3180 καὶ
246 3119 368 3200 γενέσθαι
381 3118 442 3202 περὶ
454 3123 488 3180 τὰ
500 3119 573 3180 σιτία
588 3119 634 3180 καλ
645 3121 679 3180 τὰ
695 3121 801 3205 καρχή-

39 3226 87 3264 σια.
108 3207 226 3286 (Eadem
239 3210 427 3288 proferuntur
438 3229 485 3288 ap.
497 3209 679 3269 Macrobium
692 3214 750 3271 Sat.
762 3216 800 3285 V,

40 3301 92 3368 ²1.)
106 3299 273 3359 Welclrerus
294 3300 434 3359 dracones
453 3299 612 3372 intellexit,
633 3301 684 3379 qui
703 3321 798 3360 carce·

40 3404 108 3458 rem,
121 3409 179 3466 quo
198 3394 279 3466 'l'yro
292 3389 380 3448 luerit
396 3401 506 3448 retenta
521 3389 674 3449 visitarint.
696 3391 799 3450 Nescio

40 3493 71 3532 an
84 3495 140 3535 non
161 3491 250 3538 recte.
270 3482 333 3536 Hoc
350 3491 464 3537 veteres
476 3478 707 3539 auxiliunradiis
728 3481 800 3539 mis-

40 3581 96 3622 sum
110 3566 284 3627 habuissent.
301 3567 449 3627 Videntur
466 3566 607 3627 dracones
626 3569 798 3648 poculorum

41 3654 80 3710 vel
92 3655 151 3733 ipsa
165 3657 271 3737 pocula
284 3656 414 3734 intelligi.
425 3657 549 3735 Etymol.
561 3661 601 3716 M.
617 3678 645 3736 p.
661 3666 728 3732 747,
744 3665 799 3735 49ι

40 3737 135 3823 {taff}
153 3746 368 3828 «Ταυροφᾶγον,
380 3772 393 3799 υ
412 3744 457 3806 τὸν
471 3743 604 3804 Διόνυσον.
621 3747 686 3828 Σοφ.
699 3747 725 3806 ἐν
739 3747 799 3806 Τυ-

41 3837 87 3906 ροῖ·
101 3829 139 3891 ὅτι
152 3843 206 3903 τοίς
226 3833 270 3894 τὸν
283 3831 442 3915 διθύραμὸον
461 3834 584 3906 νικήσασι
601 3835 660 3913 βοῦς
683 3832 798 3894 ἐδίδοτο·

41 3913 108 3986 lais
118 3921 254 3999 ὠμηστήν.
273 3923 367 4002 (Conl.
378 3922 468 3981 schol.
479 3921 630 4000 Aristoph.
645 3928 715 3981 λιιι.
732 3925 799 3996 360,

40 4005 116 4068 Ρλοῑ.
127 4029 155 4087 p.
165 4011 232 4086 571,
249 4015 294 4087 13,
310 4023 339 4070 et
349 4009 429 4072 Suid.
441 4009 503 4070 ead.
513 4009 549 4088 v.)
563 4010 621 4071 Sed
629 4012 798 4090 priusquam

40 4094 147 4172 tndem,
161 4120 248 4178 quarn
263 4100 418 4160 meditatus
428 4111 485 4174 est,
498 4101 677 4177 exsequitur,
697 4099 799 4160 iratres

41 4179 246 4264 interveniunt,
267 4209 393 4268 quornm
412 4209 487 4248 unus
503 4190 657 4249 Salmoneo
676 4190 798 4249 multum

41 4277 165 4344 querenti
188 4278 345 4358 respondet
373 4277 453 4357 quod
478 4290 523 4338 est
547 4277 625 4358 apud
650 4277 798 4338 Stobaeutn

41 4361 110 4433 ctx,
127 4383 143 4421 a
160 4387 167 4424 ι
187 4365 351 4449 Σοφοκλέους
363 4368 446 4449 Τυροῖ
457 4363 492 4446 β’.

43 4511 117 4597 [³⁶⁵]
130 4516 183 4590 Μὴ
191 4524 291 4613 σπεῒρι
304 4524 430 4597 πολλοῖς
438 4519 490 4586 τὸν
500 4517 642 4610 παρόντα
654 4508 796 4610 δαίμονα·

128 4637 290 4729 σιγώμενος
307 4633 365 4729 γάρ
380 4637 445 4703 ἐστι
462 4633 629 4727 Θρηνεῐσθαι
646 4633 779 4728 πρέπων.

71 4901 201 4978 Senectus
213 4913 294 4972 docet
306 4841 585 4988 omnidsdttemporis
597 4913 752 4990 longitudo.

92 5066 193 5129 invius
201 5071 296 5148 lapsus
307 5001 559 5133 nemddddrunum
572 5074 663 5133 malus
675 5083 728 5132 est.

143 5229 215 5292 Cibis
229 5233 350 5308 cujusvis
362 5161 470 5309 gdddiis
481 5235 647 5310 excepimus.

1568 433 1623 485 317

858 542 997 604 Deindea
1008 545 1163 607 Salmoneo
1177 549 1374 610 adolescentes
1387 551 1443 612 lroc
1454 553 1519 632 ipso
1530 556 1625 616 collo-

856 631 926 707 qnio
937 633 1027 711 agniti
1043 653 1105 694 esse
1125 635 1261 696 videntur
1276 638 1424 720 domoque
1439 645 1549 721 recepti
1564 665 1625 706 non

856 721 980 798 amplius
1000 721 1133 783 obstante
1149 724 1254 786 Sidero
1267 748 1403 803 noverca,
1416 752 1481 810 quae
1496 734 1626 794 omnium

857 827 913 866 una
927 809 958 868 in
977 830 1063 870 causa
1080 813 1150 888 suit,
1167 815 1248 892 quod
1263 821 1340 894 Tyro
1358 831 1415 878 tam
1432 821 1590 881 crudeliter
1608 843 1625 882 a

856 905 938 970 patre
955 895 1123 960 haberetur.
1135 899 1235 964 Sclml.
1251 909 1320 968 Eur.
1339 906 1374 966 ad
1390 914 1486 969 Orest.
1501 911 1531 970 in
1548 912 1624 970 linea

857 979 911 1040 ilat
925 983 952 1042 ἐν
967 987 1053 1069 Τυροῖ
1066 988 1230 1070 Σοφοκλίους
1246 994 1438 1078 ἀναγνώρισμα
1454 1001 1525 1058 κατὰ
1537 998 1568 1058 τὀ
1581 998 1624 1058 τί·

854 1069 899 1136 λος
909 1069 1036 1150 γίγνεται.

1181 1201 1316 1222 ...ο-,ῃ
1431 1209 1434 1216 .

1150 1305 1330 1368 PlllilXUS.

895 1451 985 1512 valde
1002 1452 1125 1513 obscura
1139 1467 1206 1513 sunt
1217 1475 1282 1534 quae
1297 1454 1334 1514 de
1346 1455 1456 1516 Phrixo
1471 1455 1627 1536 perhiben-

856 1554 917 1614 tur,
940 1562 1035 1620 neque
1058 1543 1144 1602 facile
1166 1543 1339 1624 intelligitur
1358 1565 1487 1623 quanam
1511 1565 1556 1604 res
1576 1545 1626 1605 illa

857 1629 953 1702 suerit,
963 1650 1029 1707 quae
1039 1643 1154 1708 poetam
1166 1630 1313 1692 induxerit
1324 1633 1361 1693 ad
1372 1634 1554 1695 scribendam
1567 1647 1627 1693 tra·

855 1717 990 1797 guadiam.
1003 1724 1047 1778 Ne
1066 1720 1096 1780 id
1113 1719 1230 1798 quidem
1244 1735 1374 1796 constat,
1393 1737 1491 1783 utrum
1505 1723 1626 1802 Sopho·

855 1809 912 1867 cles
929 1828 974 1867 res
989 1809 1036 1887 agi
1055 1808 1169 1868 Colchis
1183 1828 1219 1867 an
1240 1809 1271 1868 in
1287 1812 1399 1872 Graecia
1418 1814 1527 1873 feccrit.
1543 1812 1625 1872 Uiri·

855 1897 937 1955 chius
959 1895 1077 1976 quidem
1105 1917 1167 1954 rem
1193 1910 1284 1956 totam
1308 1900 1434 1960 Colchos
1462 1901 1625 1975 transtulit,

855 1986 923 2064 quia
938 1984 1099 2065 periculum
1113 1985 1214 2045 Phrixi
1228 1988 1413 2068 servatioque
1426 1989 1573 2069 descripta
1588 1990 1626 2049 sit

855 2075 884 2132 in
899 2075 1090 2150 Athamante,
1104 2093 1200 2152 neque
1217 2087 1333 2154 poetam
1348 2077 1470 2138 eandem
1491 2099 1552 2137 rem
1567 2079 1624 2137 alia

855 2183 974 2243 quoque
989 2162 1128 2242 tragoedia
1148 2165 1317 2245 exposuisse
1336 2179 1428 2244 putat,
1446 2167 1625 2246 eandemque

855 2251 892 2310 ab
916 2271 1032 2312 causam
1055 2270 1181 2330 versum,
1204 2253 1255 2332 qni
1280 2253 1360 2313 inter
1387 2275 1532 2335 perpauca
1562 2258 1625 2316 lra-

855 2353 970 2421 gmenta
991 2353 1122 2400 servatus
1144 2341 1191 2416 sit,
1214 2342 1250 2401 ad
1271 2345 1481 2420 narrationem,
1503 2363 1560 2424 qua
1582 2345 1625 2404 illi

854 2431 963 2509 quaein
988 2429 1091 2488 itinere
1110 2429 1268 2489 acciderint
1286 2446 1471 2512 exponantur
1493 2434 1624 2492 releren-

854 2519 925 2577 dnm
946 2519 993 2578 ait.
1014 2523 1105 2577 Recte
1118 2531 1215 2577 autem
1230 2520 1394 2581 Welcherus
1409 2523 1534 2580 affirmat
1555 2523 1623 2582 nul-

854 2609 914 2667 lum
937 2609 1043 2668 lactum
1067 2605 1168 2667 Phrixi
1192 2609 1330 2686 tragoedia
1354 2610 1473 2689 dignum
1495 2625 1624 2683 exstare3

855 2698 993 2777 quocirca
1014 2695 1135 2775 intelligi
1151 2717 1209 2756 non
1224 2717 1323 2775 posse,
1337 2718 1403 2777 quae
1417 2719 1503 2758 causa
1526 2698 1624 2772 luerit,

855 2805 908 2845 our
934 2797 1020 2864 poeta
1045 2784 1132 2843 talem
1155 2781 1281 2844 fabulam
1309 2786 1507 2866 composuerit
1530 2787 1624 2844 versi·

855 2874 967 2954 busque
985 2874 1143 2932 exornarit.
1158 2872 1354 2952 Apollodorus
1371 2881 1394 2950 1,
1410 2897 1438 2954 9,
1464 2896 1490 2948 t,
1510 2894 1623 2934 memo-

855 2965 905 3024 riae
919 2961 1048 3043 prodidit
1063 2961 1136 3022 fame
1148 2976 1250 3023 exorta
1262 2963 1291 3022 in
1303 2965 1413 3024 Bmotia
1422 2965 1623 3023 Athamantem

855 3073 891 3112 ex
913 3053 1024 3111 oraculi
1051 3071 1194 3130 responso
1216 3065 1348 3112 coactum
1369 3053 1509 3112 Phrixum
1533 3052 1624 3111 lilium

854 3143 1041 3214 sacrificasse,
1051 3139 1101 3199 sed
1112 3154 1245 3219 ereptum
1260 3162 1276 3201 a
1288 3143 1419 3220 Nephele
1434 3155 1525 3201 matre
1537 3161 1624 3201 aureo

855 3232 946 3291 ariete
961 3251 1013 3310 per
1028 3249 1107 3289 mare
1123 3251 1189 3288 cum
1203 3231 1285 3290 llelle
1296 3252 1407 3305 sorore,
1425 3252 1490 3310 quae
1504 3231 1621 3290 Helles·

855 3333 957 3400 ponto,
971 3341 1029 3399 quo
1043 3319 1174 3400 perierit,
1186 3340 1291 3379 nomen
1307 3321 1486 3400 imposuerit,
1501 3320 1624 3379 Colchos

854 3408 974 3482 abiisse,
992 3407 1091 3486 ibique
1115 3406 1152 3466 ab
1166 3411 1251 3467 AEeta
1266 3421 1413 3487 receptum
1433 3407 1623 3485 Chalciopam

853 3498 883 3556 in
905 3495 1126 3555 matrimonium
1155 3493 1273 3555 duxisse
1303 3509 1487 3575 quatuorque
1514 3494 1623 3555 liberos

854 3585 1024 3664 suscepisse.
1047 3581 1155 3642 Eadem
1176 3583 1237 3643 t'ere
1250 3586 1423 3664 Apollonius
1441 3589 1488 3661 11,
1506 3593 1621 3661 1149-

857 3676 931 3734 1156
949 3671 1093 3752 hujusque
1110 3672 1206 3731 schot:
1222 3677 1260 3747 ll,
1290 3677 1373 3732 1123.
1393 3674 1495 3733 Phrixi
1510 3692 1585 3731 uxor
1607 3692 1622 3732 a

853 3761 1025 3842 quibusdam
1041 3759 1192 3840 lophossa,
1208 3761 1244 3820 ab
1256 3761 1319 3821 aliis
1330 3763 1441 3821 Euenia
1453 3774 1555 3820 vocata
1566 3773 1620 3820 est.

853 3853 946 3914 Boeoti
969 3851 1130 3911 retulerunt
1149 3851 1287 3911 Phrixum
1308 3852 1355 3913 vel
1381 3851 1568 3912 Presbontem
1586 3851 1624 3909 fi-

853 3945 923 4002 lium
940 3942 970 4000 in
986 3941 1108 4020 patriani
1124 3941 1244 3999 rediisse
1258 3945 1341 4000 Paus.
1355 3944 1409 4012 tx,
1426 3943 1473 4012 tt,
1489 3940 1515 3998 5.
1532 3941 1624 4000 Paulo

854 4031 966 4090 diversa
988 4041 1055 4088 sunt
1073 4048 1138 4106 quae
1154 4029 1290 4106 leguntur
1303 4029 1381 4108 apud
1391 4030 1539 4112 Hyginum
1551 4029 1622 4091 Fab.

853 4125 896 4180 lll
908 4143 914 4177 :
928 4120 1066 4178 «Veritus
1078 4121 1222 4192 estAEeta,
1236 4138 1272 4177 ne
1282 4139 1312 4177 se
1322 4137 1412 4196 regno
1427 4119 1565 4196 ejicerent
1578 4117 1625 4198 (ii-

852 4208 915 4268 beri
930 4207 1059 4286 Phrixi),
1075 4205 1154 4285 quod
1167 4206 1195 4265 ei
1210 4227 1380 4287 responsum
1396 4220 1457 4266 erat
1471 4227 1506 4266 ex
1520 4207 1624 4286 prodi-

853 4299 923 4377 giis,
936 4295 973 4356 ab
988 4295 1099 4356 advetm
1114 4295 1192 4354 AEoli
1206 4297 1264 4355 filio
1281 4309 1403 4355 mortem
1419 4308 1542 4355 caveret.
1558 4301 1621 4355 lta·

853 4404 911 4464 que
933 4385 1071 4444 Phrixum
1095 4385 1251 4444 interiecit.
1279 4391 1317 4444 At
1339 4385 1390 4442 filii
1421 4385 1483 4461 ejus
1514 4389 1622 4458 Argus,

853 4475 1004 4548 Phrontis,
1027 4474 1130 4548 Melas,
1148 4474 1302 4551 Cylindrus
1321 4473 1350 4531 in
1373 4485 1462 4530 ratem
1479 4489 1621 4528 conscen-

854 4563 976 4638 derunt,
1001 4576 1033 4623 ut
1052 4563 1090 4622 ad
1116 4583 1201 4622 avum
1227 4562 1429 4621 Athamantem
1457 4559 1613 4618 transirent

856 4655 917 4712 llos
931 4657 1027 4726 Iason,
1041 4672 1130 4730 quum
1159 4652 1260 4730 pellem
1275 4660 1400 4728 peteret,
1420 4649 1573 4727 naufragos
1588 4666 1619 4710 es

1192 4837 1305 4968 didace
1320 4908 1356 4967 ad
1370 4909 1488 4967 mediam

996 5001 1117 5049 mensam
1135 4988 1207 5048 circa
1219 4989 1296 5047 cibos
1307 4997 1335 5047 et
1344 4989 1452 5064 pocula

854 5155 897 5210 Ne
903 5166 999 5226 sparge
1009 5149 1045 5206 ad
1055 5149 1157 5207 multo
1164 5075 1315 5220 loridddm,
1327 5164 1389 5224 qua
1398 5149 1447 5206 tibi
1456 5147 1620 5223 supervenit.

854 5231 981 5288 Tacitum
992 5230 1066 5288 enim
1079 5236 1108 5287 te
1118 5227 1199 5288 decet
1208 5230 1312 5303 lugere.
