3680 5790
231 403 288 458 Au
780 393 990 458 SOPROCLIS
1010 391 1260 458 FRAGMENTA.

269 533 440 606 Fragmenta
459 527 513 586 tria
526 545 619 606 eaque
637 525 721 586 valde
738 525 862 588 obscura
880 536 992 584 serrata
1087 529 1220 586 Ceterum
1235 527 1396 608 fragmenta
1406 527 1491 588 valde
1511 526 1638 590 obscura
1657 541 1739 590 anat.
1751 531 1807 590 Pol

229 627 305 675 suut.
320 617 446 676 Primum
459 629 504 675 est
516 615 594 696 apud
607 615 713 678 Athea.
727 619 809 694 XlV,
824 635 853 695 p.
869 616 936 686 646,
947 618 992 674 D:
1048 613 1099 674 lux
1111 619 1149 684 x,
1172 619 1208 686 34
1222 639 1229 674 :
1243 615 1320 698 Μέρη
1335 613 1363 676 li
1377 613 1467 690 adime
1478 617 1523 678 atui
1540 615 1669 692 duillers.
1684 621 1810 701 Σιρτιλῐς

230 705 367 785 Σοφοκλῆς
380 703 480 787 Ἐριδι·
1047 705 1074 764 la
1088 703 1231 784 Ἰχνευταῖς
1247 704 1371 786 σατύροις
1380 701 1442 788 dqq'

115 885 119 894 -
230 841 313 928 [aaa]
331 827 403 934 llylo
422 832 457 908 dl
471 847 591 910 natado'
607 839 644 910 αὖ
660 843 733 937 πρὸς
749 839 832 936 ἴτρια
850 843 965 958 βλέπω.
1048 847 1130 930 [656]
1149 833 1296 920 Earilcrc
1313 839 1388 924 ξυλα
1404 843 1561 939 τρίγιρρα
1575 837 1777 940 διατορεῡσαὶ
1788 871 1813 911 ca

229 971 328 1030 Fuerit
344 973 496 1051 responsio
510 973 640 1048 Veneris,
658 991 722 1050 quae
740 972 878 1031 hlinerrae
899 981 995 1028 conte·
1714 951 1813 1026 δεῖται

230 1063 301 1118 malt
315 1061 496 1140 sapientiam.
511 1062 632 1142 Reliqua
645 1063 732 1121 eriam
747 1061 901 1120 incertiora
920 1071 994 1118 sunt.
1049 1072 1168 1132 ,verba
1182 1085 1337 1154 corrupt„
1359 1073 1396 1134 ,ρο
1418 1073 1525 1153 quibu,
1539 1085 1610 1156 po„
1624 1073 1704 1133 ,1505
1724 1071 1813 1149 conj,

229 1147 994 1234 Hesychius:[ost]·stupuydpu,·Popuq'aprtu
1049 1164 1815 1244 cturasprotutirbobecliusadPhrynichp.178.-

230 1233 308 1296 Ἤτοι
324 1236 573 1320 saturamur
586 1237 655 1300 aaa..
668 1237 718 1320 ria
731 1235 997 1315 uastauerant·
1049 1254 1176 1326 nuum
1195 1255 1300 1313 aaran.
1316 1259 1358 1326 n,
1376 1275 1404 1334 p.
1423 1255 1477 1328 aa,
1489 1259 1530 1315 r:
1547 1251 1669 1314 anua
1687 1253 1710 1310 a
1725 1251 1816 1310 ausu

230 1347 336 1408 ρρασιν,
345 1330 403 1394 chel
418 1327 494 1394 αὐτὸς
504 1329 532 1386 ἐν
543 1327 668 1410 Σκυρίοις
679 1329 823 1408 χρῆταιτῷ
836 1324 994 1408 ιῦωριᾶζιιν.
1049 1342 1166 1424 λργωτκ
1181 1341 1291 1424 ὅρμαον
1315 1342 1359 1404 τὸ,
1374 1341 1426 1402 ρπὸ
1441 1345 1489 1416 τῆς
1505 1342 1632 1422 ,ῳρμςηρ
1650 1338 1815 1414 ρρψρηχρη

229 1415 377 1478 Antiattio.
393 1435 423 1494 p.
435 1417 500 1489 aod,
515 1437 535 1494 9
546 1439 553 1474 :
564 1416 646 1495 [666]
659 1441 671 1468 ι
682 1415 754 1475 ldlar
769 1413 844 1493 plau,
854 1439 867 1466 a
880 1413 938 1472 ἀντὶ
950 1418 996 1472 τοῦ
1052 1434 1189 1516 Σοφοκλῆς
1207 1432 1364 1515 ’pyumw

229 1499 298 1562 natal
313 1499 385 1582 plna.
398 1506 465 1584 Σορ.
480 1499 580 1585 Ἔριδι.
1239 1499 1248 1513 “

502 1637 714 1700 lemanum
1103 1571 1185 1658 [⁶⁵⁷]
1209 1563 1425 1666 Κᾶἱορρτνῖζιι
1440 1573 1516 1638 κούκ
1530 1557 1773 1661 λπιτχολαζιιαι

1210 1683 1342 1773 βλάστη.

269 1776 704 1858 Ἰχνιυταλτὶιτῐηιοιιίροῑοιοι
717 1777 813 1839 sabula
825 1791 869 1840 est
880 1777 996 1858 quaedi-
1051 1819 1131 1900 Παρὰ
1147 1817 1177 1878 ,ὦ
1192 1814 1317 1900 ἐξορούειν
1333 1817 1378 1878 m,
1397 1813 1562 1898 mm
1582 1810 1689 1892 (Cous,
1704 1815 1779 1872 Eup„
1792 1827 1813 1887 Ρ,

229 1879 305 1926 serta
317 1867 394 1926 inter
404 1880 517 1943 satyras
536 1867 661 1927 relertur
679 1888 698 1927 a
716 1868 833 1928 Polluce
846 1872 885 1940 X,
903 1869 954 1939 st.
968 1877 997 1968 {l
1050 1909 1118 1985 399,
1134 1905 1190 1988 17.)
1205 1907 1357 1967 postremo
1372 1906 1451 1986 ,pud
1464 1901 1604 1965 pharium
1620 1914 1669 1960 est
1686 1919 1717 1979 p,
1731 1901 1811 1974 adut

229 1955 306 2034 q⁰⁰d
320 1956 441 2016 Ph⁰ll¹¹⁸
455 1977 483 2034 P·
503 1957 561 2035 489
572 1959 719 2060 {nemffllae
736 1955 873 2034 P¹⁰dldi²2
888 1975 996 2056 ΡΨΡΡ
1049 2009 1079 2055 et
1093 1995 1230 2057 suidam:
1248 1995 1332 2076 [658]
1346 2023 1358 2048 ι
1371 1995 1521 2078 praecinier
1533 2017 1546 2044 s
1559 1989 1591 2050 ela
1613 1988 1766 2048 dtssnnlat
1779 1985 1813 2044 ul

229 2065 282 2102 cue
296 2044 381 2104 docet
392 2045 478 2103 talem
492 2046 673 2104 saltationem
686 2065 716 2104 rn
730 2045 826 2103 labala
837 2044 995 2104 exhibitam
1049 2085 1223 2152 mma&
1234 2081 1436 2168 &mmmm
1450 2080 1508 2142 m·
1521 2073 1603 2146 ἅδος.
1616 2076 1732 2156 λργπι,
1744 2074 1769 2133 ρ]
1779 2073 1815 2132 „t

229 2133 902 2303 ‘'tathltillllhlt‘tlt-'‘lllt:
922 2227 995 2282 s...
1050 2171 1438 2255 ...u-..0...a..,.n..
1451 2170 1586 2249 irrata
1599 2166 1766 2248 aqna...
1780 2163 1816 2308 a?

273 2311 280 2323 .
405 2312 411 2324 .
1049 2255 1117 2320 anal
1139 2259 1275 2322 συνουσίαν
1294 2261 1339 2320 καλ
1357 2260 1467 2334 dmoni
1481 2257 1646 2336 κάμπτοντα
1668 2253 1721 2326 τὴν
1737 2255 1810 2334 dapar

231 2329 282 2389 qur
303 2315 528 2388 investigatores
549 2312 585 2370 ad
604 2315 730 2390 Europae
748 2310 785 2371 ab
809 2316 882 2370 Jove
905 2323 995 2389 raptae
1130 2349 1152 2412 ,ρ
1248 2359 1259 2371 .
1373 2285 1408 2343 ρ]

229 2399 379 2459 historiam
389 2402 547 2461 reserentes
562 2401 680 2461 eosdem
695 2406 813 2479 Satyros
828 2399 915 2459 luisse
929 2419 994 2458 cre-
1050 2351 1115 2434 qu.
1152 2374 1280 2432 lum*

230 2487 310 2563 dant,
325 2489 377 2566 qui
392 2493 478 2550 Cares
493 2490 530 2549 ab
542 2491 680 2569 AEschylo
695 2503 845 2564 vocentur,
857 2511 890 2548 ac
903 2490 995 2548 simu·
1334 2491 1516 2523 ''⁴⁶'’-

230 2577 302 2636 lasse
322 2578 388 2636 illos
411 2597 442 2637 se
463 2583 551 2638 Cares
575 2578 618 2637 rel
641 2579 739 2658 potius
761 2577 920 2652 Phoenices,
945 2577 996 2656 qui
1301 2595 1564 2660 AMPfflAflgUg·

229 2669 355 2745 Europe
382 2667 488 2726 alicubi
513 2681 672 2747 conspectae
699 2669 837 2727 auxilium
863 2667 996 2726 simulate

230 2755 369 2834 cupidine
394 2757 506 2816 inducti
533 2759 726 2837 promiserint.
751 2759 790 2818 At
806 2763 893 2818 Cares
916 2754 995 2834 apud
1090 2754 1238 2827 Perpauca
1263 2761 1330 2806 sunt
1352 2767 1417 2827 quae
1451 2747 1487 2805 de
1513 2745 1700 2824 Amphiarao
1734 2745 1817 2803 saum

230 2843 394 2918 AEsohylum
418 2857 496 2905 certe
517 2867 576 2904 nou
596 2847 714 2906 fuerunt
735 2867 789 2924 pro
805 2843 995 2916 Phoenicibus,
1050 2837 1109 2896 dici
1123 2849 1256 2918 possunt,
1270 2839 1441 2914 incertaque
1455 2835 1552 2894 omnia
1565 2845 1635 2912 llll&
1646 2833 1816 2892 (1ῑῆΠᾶῑὶῦῖ

230 2951 284 2989 nec
296 2930 433 2991 videntur
446 2935 488 2992 illi
503 2933 618 2993 diverso
633 2933 721 2993 modo
733 2932 891 2992 introducti
909 2953 995 3010 quarn
1050 2931 1218 3008 assequaris.
1232 2929 1317 3008 Apud
1334 2927 1516 2988 scholiastam
1535 2926 1751 3004 Aristophanis
1764 2945 1816 2984 rer·

232 3021 346 3096 Scythae
370 3020 448 3100 apud
473 3023 649 3100 Sophoclem
675 3023 705 3082 in
727 3021 849 3080 historia
876 3021 992 3080 Medeae.
1050 3039 1098 3077 sus
1113 3032 1168 3089 est,
1179 3017 1229 3076 ubi
1247 3021 1345 3076 chorus
1360 3025 1426 3075 ratis
1441 3027 1706 3088 commemoratur,
1722 3035 1758 3073 ex
1770 3035 1817 3091 quo

230 3113 330 3189 Neque
350 3131 421 3171 vero
443 3111 627 3190 intelligitur,
642 3114 666 3171 si
680 3113 751 3171 illud
775 3110 853 3190 quod
877 3111 937 3170 dlxi
952 3112 996 3170 sa·
1051 3107 1207 3167 concludas
1221 3108 1424 3186 Amphiaraum
1445 3117 1541 3164 vatem
1554 3121 1621 3163 esse
1637 3123 1656 3161 a
1674 3117 1763 3182 poeta
1778 3105 1816 3162 in·

231 3197 309 3258 ltulae
323 3198 413 3259 luerit
425 3213 636 3278 argumentum,
650 3200 798 3278 quomodo
817 3199 914 3276 Satyri
931 3198 996 3276 jure
1052 3197 1214 3256 troductum
1236 3199 1321 3275 eique
1337 3203 1454 3274 Satyros
1474 3194 1591 3256 additos
1610 3206 1756 3272 tanquam
1771 3194 1817 3251 rni-

230 3289 454 3368 Investigatores
476 3289 617 3366 dicantur.
636 3293 756 3349 Secutos
778 3307 828 3346 eos
851 3286 932 3365 ajunt
947 3308 997 3345 cu·
1050 3286 1164 3344 nistros.
1182 3285 1341 3364 satyricam
1361 3295 1457 3342 nutem
1476 3282 1565 3341 luisse
1587 3282 1723 3342 labnlam
1744 3284 1814 3342 docet

230 3377 329 3458 pidine
353 3376 492 3458 abreptos
514 3383 660 3457 Europam
681 3389 854 3456 turpemque
868 3396 996 3436 amorem
1051 3372 1176 3434 Platonis
1189 3374 1280 3433 schol.
1297 3393 1326 3451 p.
1344 3373 1400 3445 37⁸
1415 3371 1468 3430 aa.
1483 3382 1512 3428 et
1527 3369 1633 3429 Athen.
1651 3377 1697 3444 X,
1712 3393 1742 3450 p.
1755 3374 1813 3440 lit,

229 3465 404 3545 expressisse
414 3465 556 3526 saltando.
568 3466 655 3526 Atab
665 3487 723 3526 uno
738 3467 813 3525 iacto
826 3479 882 3526 tam
891 3467 997 3544 exiguo
1050 3467 1086 3536 F,
1103 3474 1132 3522 et
1154 3462 1246 3521 schol.
1266 3459 1416 3538 Aristoph.
1438 3459 1474 3518 ad
1493 3463 1565 3518 nan.
1590 3461 1663 3530 lssl·
1683 3465 1813 3520 Praeterea

230 3565 347 3633 tamque
365 3554 497 3613 celeriter
521 3567 686 3614 transeunte
705 3567 764 3615 tota
786 3555 883 3620 labaala
897 3557 997 3616 vocari
1050 3551 1112 3610 aliae
1141 3562 1340 3612 memorantur
1368 3569 1415 3607 res
1440 3569 1505 3626 quae
1532 3549 1699 3628 perspicue
1722 3551 1812 3608 doceat

230 3660 289 3704 non
300 3643 516 3722 potuit3neque
524 3665 629 3704 nomen
638 3645 707 3705 satis
717 3659 797 3705 recte
806 3645 996 3705 conveniebat
1050 3642 1146 3700 omnia
1166 3643 1227 3700 ruri
1248 3653 1392 3700 transacta
1408 3657 1481 3696 esse.
1501 3637 1692 3700 Crediderim
1708 3661 1725 3700 a
1739 3655 1812 3720 poeta

231 3731 368 3805 dramati,
395 3733 452 3790 uisi
480 3753 531 3812 per
553 3745 641 3792 totam
667 3733 793 3793 subulam
820 3735 863 3793 illi
887 3734 996 3813 aliquid
1049 3729 1259 3812 Amphiaraum
1270 3734 1356 3792 talem
1368 3751 1430 3790 esse
1441 3731 1659 3804 introductum,
1673 3733 1812 3810 quiquam

234 3819 447 3899 investigarent.
472 3829 507 3878 At
533 3819 614 3880 deest
640 3836 855 3902 argumentum,
880 3821 909 3881 iu
937 3844 996 3904 quo
1051 3834 1128 3880 vates
1152 3824 1249 3883 futura
1277 3820 1469 3901 previderet,
1495 3829 1593 3877 tamen
1619 3819 1768 3898 obsequio
1788 3820 1811 3876 in

229 3909 302 3968 illud
320 3927 489 3991 expressum
505 3911 551 3985 sit,
566 3911 620 3970 nisi
637 3924 665 3969 te
684 3911 719 3970 ad
735 3911 888 3993 Polyidum
902 3929 995 3975 vatem
1050 3931 1174 3972 uxorem
1186 3912 1322 3971 inductus
1342 3911 1463 3968 meliora
1489 3908 1663 3986 negligeret,
1683 3909 1813 3967 deteriora

230 3999 346 4060 releras.
363 4007 398 4060 ln
418 4022 475 4081 qna
496 4001 636 4082 tragoedia
651 4009 683 4063 ul
698 4017 786 4078 rates,
799 4004 904 4083 quibus
919 4006 996 4084 quod
1050 4013 1229 4079 sequeretur,
1239 4000 1290 4079 qui
1303 3999 1412 4058 bellurn
1426 3998 1587 4077 preferret,
1599 4017 1779 4076 quamquam
1790 4015 1812 4052 Ξ

230 4085 324 4150 Minos
349 4093 509 4169 postularit
535 4094 744 4170 explorandum
772 4095 846 4168 fuit,
873 4095 997 4155 adhibiti
1051 4092 1081 4150 in
1101 4091 1153 4150 illo
1168 4091 1294 4170 pessima
1313 4087 1484 4148 conditione
1498 4086 1631 4145 futurum
1658 4107 1720 4146 noa
1740 4087 1810 4164 igne

231 4189 311 4248 sunt,
329 4178 370 4236 ita
384 4178 610 4258 investigatores
631 4203 691 4241 non
712 4183 807 4242 minus
822 4197 890 4262 apte
907 4185 936 4242 in
952 4185 997 4242 la·
1050 4193 1135 4239 raret.
1149 4186 1281 4238 Personae
1294 4181 1411 4238 suerunt
1424 4178 1544 4236 sortasse
1557 4193 1626 4234 cam
1644 4175 1811 4254 Amphiarao

230 4263 298 4323 bula
311 4266 436 4343 satyrica
447 4269 578 4328 exhiberi
594 4284 760 4348 potuerunt,
777 4271 827 4349 qui
842 4285 891 4330 aut
905 4273 996 4332 filium
1049 4269 1208 4345 Polynices,
1222 4267 1371 4346 Eriphyla,
1387 4267 1544 4325 Alcmaeon.
1561 4269 1668 4343 Neque
1691 4263 1809 4324 dubitari

229 4375 246 4412 a
268 4356 365 4414 hlinoe
384 4357 519 4416 amissam
538 4369 589 4415 aut
607 4357 730 4416 fructum
745 4361 782 4420 ab
799 4361 916 4420 oraculo
932 4362 996 4421 edi·
1049 4370 1147 4436 potest
1167 4357 1238 4436 quin
1259 4356 1348 4416 multa
1368 4355 1445 4414 dicta
1465 4354 1524 4412 sint
1538 4351 1574 4410 de
1589 4350 1687 4428 bello,
1706 4352 1742 4410 de
1761 4371 1809 4428 quo

231 4455 291 4501 turn
308 4443 524 4523 investigarent.
540 4447 662 4505 Facetias
679 4448 846 4508 fortassean
861 4452 995 4528 eo,quod
1049 4449 1241 4527 Amphiaraus
1265 4449 1385 4508 fortasse
1409 4444 1559 4505 oraculum
1581 4443 1613 4500 in
1636 4443 1703 4523 ipsa
1726 4441 1808 4500 labala

230 4535 307 4592 inter
323 4534 484 4613 fragmenta
497 4535 621 4595 relatum
640 4549 695 4609 est,
710 4549 801 4615 captae
820 4553 896 4611 sunt,
916 4542 995 4618 quod
1049 4537 1200 4596 consuluit.

231 4635 320 4696 quum
333 4621 550 4684 sructumillum
563 4624 724 4685 mirabilem
740 4627 994 4706 moriquaererent‚
1089 4633 1259 4706 Fragmenta
1275 4626 1380 4705 partim
1403 4637 1542 4704 corrupta
1563 4623 1674 4704 partim
1696 4621 1808 4680 obscura

230 4709 258 4765 in
268 4707 425 4772 brassicam
440 4714 608 4774 inciderunt
619 4716 784 4795 gaudioque
800 4717 995 4796 repertaeher-
1049 4730 1128 4779 sunt.
1156 4716 1202 4776 Ad
1232 4713 1403 4792 Amphiarai
1429 4714 1487 4772 rim
1515 4711 1671 4773 divinandi
1696 4711 1806 4770 reseram

233 4794 276 4854 bae
287 4801 404 4862 excitati
416 4803 598 4864 saltationem
613 4807 690 4865 illam
700 4805 890 4886 incipiebant,
902 4827 965 4885 quae
979 4827 995 4866 a
1049 4806 1125 4885 apud
1141 4805 1311 4872 Erotianum
1323 4823 1353 4882 p.
1365 4823 1422 4861 aro
1436 4823 1443 4860 :
1457 4801 1543 4880 [666]
1556 4827 1568 4854 a
1579 4803 1696 4882 Φροντὶν
1706 4826 1719 4851 ι
1732 4797 1805 4870 lissa

233 4887 333 4950 Photio
348 4905 377 4950 et
392 4893 481 4954 Surda
491 4908 675 4956 memoratur.
1049 4897 1073 4954 ol
1089 4893 1197 4954 nahalal
1209 4891 1239 4953 cl
1250 4901 1358 4952 sactu...
1376 4890 1521 4969 Μέμνηται
1537 4889 1584 4949 aul
1600 4891 1739 4972 Σοφοκλῆς
1749 4887 1805 4946 ...ir

1087 5012 1210 5026 ..ι-

579 5092 643 5146 553,
1400 5064 1463 5114 667.

547 5193 550 5197 .
1087 5141 1244 5201 cauliculos
1257 5139 1360 5198 emittit
1372 5153 1461 5211 neque
1473 5138 1503 5195 ln
1517 5137 1664 5210 superdn'e
1679 5140 1790 5194 raanaau

285 5213 342 5285 Ego
354 5228 417 5270 roro
430 5217 552 5273 esuriens
567 5216 600 5273 ad
615 5219 753 5290 placentas
767 5220 892 5294 respicio.
1086 5237 1204 5294 genuen.
1829 5245 1830 5256 .
