3656 5798
618 421 797 486 88OEth
817 417 1068 486 amantum.
1582 433 1634 488 itt

111 583 174 665 [07]
191 568 415 645 merccdariis
436 579 463 641 τ’
484 573 606 668 ἐρυθρᾶς
634 571 709 665 ἱερὸν

188 695 292 778 χεῦμα
310 683 460 760 θαλάσσης

22 797 25 804 ’
109 790 356 888 χαλκοκέραννύν
378 815 412 857 τε
434 791 508 882 παρ’
526 775 655 873 ύλκεανῷ

107 902 220 991 λίμναν
240 897 450 989 παντοτρύρον
473 894 639 976 Αἰθιόπων,

108 1011 146 1075 ἵν’
165 1013 181 1074 ti
203 1005 389 1082 παντόπτας
406 986 499 1080 libror
520 1002 566 1068 cici

108 1119 203 1208 χρῶτ’
218 1112 373 1180 ἀθάνατον
393 1110 532 1202 καματύν
552 1109 578 1175 θ’
595 1105 697 1172 ἵππων

187 1221 315 1312 θερμαῖς
334 1208 450 1294 ὕδατος

109 1334 252 1420 μαλακοῦ
270 1331 416 1420 προχοαῖς
433 1322 590 1390 ἀναπαύει.

63 1482 317 1562 lleAEthiopibus,
340 1481 435 1560 inquit
457 1485 652 1552 tietmarum,
680 1475 776 1536 nescio
792 1495 828 1534 an

63 1575 138 1653 plura
151 1573 282 1632 dixerint
293 1573 419 1632 Titanes.
434 1577 534 1632 Exstat
547 1583 625 1629 certe
639 1567 718 1647 quod
732 1565 769 1625 ad
780 1587 828 1626 eos

64 1675 181 1742 spectet,
205 1662 414 1740 anapaesticum
432 1661 623 1739 fragmentum
641 1660 701 1718 sine
725 1655 829 1715 iabnlae

64 1753 170 1810 nomine
186 1751 268 1831 apud
289 1750 478 1810 Scholiastam
503 1746 651 1826 Apollonii
677 1743 770 1804 ahod.
793 1742 829 1801 ad

65 1843 107 1914 1v,
123 1841 195 1910 1348
210 1860 218 1896 ε
231 1837 352 1922 Στίρρος
373 1836 401 1896 δι’
424 1839 479 1896 ἐστι
494 1835 523 1895 τθ
537 1834 636 1916 δέρμα,
657 1832 714 1892 ὅθεν
732 1829 777 1891 καὶ
798 1830 829 1891 τὸ

65 1931 214 2010 στερρῶσατ.
224 1926 334 1994 'licitos
343 1926 370 1984 di
382 1929 552 2010 στερρωτῆρα
564 1921 674 2005 στρατὸν
687 1919 775 2003 εἴρηκε
785 1917 828 1979 τθν

65 2015 151 2096 ἔχοντα
170 2015 304 2099 δέρματα·
321 2013 419 2076 διὸκαὶ
432 2015 495 2097 παρ’
510 2012 634 2094 Αἰσχύλῳ
651 2009 749 2081 ἀξιοῦσι
759 2008 827 2094 γρύ·

65 2124 128 2188 pur·
157 2157 161 2166 .

188 2236 253 2314 [ab]
269 2231 531 2322 Μελανοστέρρων
550 2227 655 2321 γένος,

67 2359 117 2417 ἀλλ’
130 2359 157 2418 ὠ
169 2357 400 2441 μιλανοστύρνων·
422 2355 512 2438 οὐγὰρ
534 2354 611 2432 μόνον
623 2349 656 2413 td
670 2350 765 2434 στύρνα
776 2374 827 2431 με·

67 2451 125 2508 λανα
138 2449 252 2532 ἔχουσιν,
271 2449 340 2510 ἄλλθ
353 2450 399 2510 καὶ
412 2449 471 2509 ύλον
480 2447 511 2508 ci>
521 2451 607 2528 σῶμα.

100 2541 191 2600 Finito
206 2542 293 2601 chori
308 2542 433 2600 carmine
454 2538 643 2600 Prometheus
662 2556 762 2595 versus
778 2557 825 2594 re-

67 2629 203 2706 spondisse
218 2629 348 2702 videtur,
362 2631 413 2709 qui
427 2642 496 2689 suut
518 2627 596 2707 apud
610 2627 777 2686 Ciceronem
790 2627 825 2698 Q.

66 2721 142 2778 Tusc.
154 2723 191 2795 ll,
207 2740 251 2793 to,
269 2720 323 2778 13:
339 2721 440 2779 Veniat
449 2718 600 2796 AEschylus
610 2737 667 2775 non
681 2728 767 2796 poeta
779 2735 827 2775 so-

67 2806 129 2880 lum,
139 2808 186 2867 sed
199 2811 288 2870 etiam
298 2809 505 2888 Pythagoreus.
515 2806 671 2882 Quomodo
685 2807 740 2864 sert
749 2806 826 2886 apud

67 2915 125 2956 eum
136 2898 325 2960 Prometheus
336 2897 482 2973 dolorem,
496 2918 581 2976 quem
593 2897 701 2976 excipit
715 2895 753 2956 ob
765 2898 824 2955 lur-

70 2997 122 3044 tum
131 2991 303 3048 Lemnium?
316 2992 390 3048 unde
400 2994 459 3064 igni
463 2993 470 3014 '
484 2991 558 3044 cluet
570 2985 731 3044 mortalibu'
752 2991 826 3045 clam

69 3064 186 3126 Dicitur:
204 3091 268 3128 cum
289 3071 375 3128 dictu'
397 3069 577 3126 Prometheus
601 3067 722 3143 Clcpisse
743 3069 823 3137 dolo,

69 3167 210 3224 penusque
230 3153 296 3208 Iovi
318 3151 389 3206 Fato
411 3151 575 3225 expendisse
607 3167 742 3224 supremo.
767 3151 826 3206 Has

70 3233 146 3376 ldgitur
160 3257 258 3316 poenas
272 3238 402 3319 pendens
416 3237 518 3298 affixus
533 3235 568 3296 ad
581 3237 755 3314 Caucasum,
766 3237 826 3296 haec

89 3337 132 3382 tctt
145 3347 152 3384 ε

148 3438 202 3512 [69]
219 3439 354 3497 Titanum
365 3439 483 3509 soboles,
497 3439 572 3498 socia
586 3440 674 3497 nostri
683 3442 826 3516 sauguinis

148 3597 327 3673 nudumque
337 3599 410 3657 saxis
420 3619 428 3669 ς
440 3615 535 3657 navem
550 3607 582 3658 ut
597 3599 741 3658 horrisono
756 3601 826 3660 freto

911 560 944 612 15
962 553 1078 627 pinnata
1088 550 1176 610 cauda
1187 561 1313 613 nostrum
1325 551 1422 611 adulat
1433 569 1606 630 saugutmm.

961 637 1055 707 Quum
1074 649 1137 690 vero
1154 632 1191 690 ad
1213 649 1290 692 esum
1307 632 1405 691 iullatu
1417 644 1579 729 renovatum
1598 647 1638 698 ost

962 802 1020 850 tum
1030 809 1140 872 rursum
1151 801 1238 850 tetros
1252 791 1332 850 avida
1346 809 1375 852 se
1387 792 1422 850 ad
1435 803 1531 868 pastus
1541 715 1638 855 ieeieiii

961 873 1007 932 Sic
1017 874 1091 931 hunc
1100 871 1244 931 custodem
1257 873 1345 930 maesti
1360 875 1500 934 cruciatus
1510 878 1565 947 alo,

960 954 1008 1027 qui
1027 970 1072 1010 me
1082 954 1194 1027 pereuni
1207 954 1295 1011 vivom
1308 953 1400 1012 ioedat
1411 956 1533 1014 miseria.

963 1125 1055 1170 arcere
1070 1129 1175 1186 nequeo
1189 1114 1278 1171 diram
1294 1113 1432 1172 volucrem
1447 1127 1594 1190 apectore.

962 1195 1007 1252 Sic
1018 1209 1062 1250 me
1075 1194 1134 1267 ipse
1146 1193 1244 1252 viduus
1260 1197 1350 1267 pestes
1361 1196 1465 1268 excipio
1479 1198 1585 1268 anxias,

960 1289 1054 1332 amore
1071 1274 1169 1332 mortis
1187 1275 1336 1332 terminum
1351 1275 1500 1349 acquirens
1515 1279 1591 1336 mali.

962 1353 1017 1411 Sed
1027 1354 1106 1428 louge
1116 1371 1132 1411 a
1144 1355 1198 1412 leto
1211 1355 1325 1414 numine
1339 1357 1458 1430 aspellor
1468 1361 1553 1417 iovis.

907 1435 940 1486 2⁵
960 1435 1055 1506 Neque
1068 1433 1243 1492 haecvetusta
1255 1435 1335 1493 seclis
1350 1437 1501 1510 glomerata
1516 1439 1638 1498 horridis

961 1512 1081 1570 luctifica
1096 1513 1189 1572 clades
1198 1525 1293 1572 uostm
1306 1515 1389 1573 infixa
1403 1526 1445 1573 est
1458 1520 1577 1591 corpori,

963 1607 1043 1666 equo
1054 1592 1165 1666 liquatae
1177 1595 1245 1652 solis
1256 1595 1354 1653 ardore
1367 1595 1497 1655 excidunt

959 1681 1056 1744 guttae,
1068 1689 1130 1746 quae
1141 1689 1204 1732 saxa
1218 1675 1328 1732 assidue
1338 1675 1474 1735 instillant
1485 1678 1611 1737 Caucasi.

872 1781 1054 1838 Hermannus
1068 1779 1190 1840 fortasse
1202 1782 1238 1840 ad
1254 1803 1280 1841 v.
1301 1801 1332 1841 tr
1347 1783 1491 1863 pertinere
1505 1787 1561 1857 ait,
1576 1804 1638 1862 quae

873 1867 1031 1944 Hesychius
1042 1871 1180 1930 servavit:
1190 1870 1253 1950 [70]
1266 1897 1278 1924 ι
1290 1871 1488 1954 Εἰσαρύσματα
1497 1898 1521 1947 ν,
1533 1870 1639 1945 closeri-

873 1974 960 2032 ματα·
975 1956 1084 2018 ἀπὸτοῦ
1098 1958 1257 2041 τίσαριύνατ·
1271 1956 1289 2031 ἢ
1302 1960 1490 2043 σπαράγματα.
1509 1959 1638 2041 Αἰσχύλος

874 2045 1009 2126 Προμηθεῖ
1025 2046 1153 2129 λυομένῳ.

911 2137 1067 2196 Maximam
1082 2149 1194 2216 partem
1211 2136 1353 2216 tragoediae
1369 2137 1470 2217 procul
1487 2137 1578 2197 dubio
1591 2150 1636 2197 tc·

872 2221 958 2282 nebat
982 2227 1134 2316 Hercules,
1159 2227 1209 2305 qui
1236 2227 1438 2287 Prometheum
1463 2227 1638 2287 liberaturus

803 2347 811 2370 ν
871 2323 940 2372 crat.
951 2315 1010 2388 Qui
1021 2334 1110 2393 quum
1123 2313 1194 2374 orbe
1204 2328 1345 2376 terrarum
1355 2329 1507 2395 peragrato
1518 2315 1554 2375 ad
1566 2319 1638 2376 Cau-

871 2420 967 2460 casum
981 2404 1157 2481 pervenisset
1168 2405 1344 2484 affixumque
1354 2405 1393 2466 ibi
1405 2406 1442 2465 ad
1454 2425 1556 2485 rupem
1568 2413 1638 2467 Pro-

872 2490 1015 2550 metheum
1041 2495 1237 2572 conspexisset
1260 2494 1427 2554 dilaniatum
1450 2495 1580 2573 quotidie
1601 2494 1639 2554 ab

871 2582 965 2660 aquila
979 2584 1079 2662 iovis,
1100 2603 1183 2644 avem
1200 2583 1331 2643 occidere
1346 2599 1466 2645 conatus
1483 2599 1535 2644 est.
1552 2586 1638 2660 Quod

870 2683 1022 2750 antequam
1036 2673 1189 2751 transegit,
1201 2674 1387 2732 Prometheus
1401 2676 1491 2733 multa
1502 2675 1529 2733 ei
1541 2674 1578 2733 dc
1590 2673 1638 2734 be-

870 2759 977 2819 neficiis
991 2761 1066 2835 suis,
1077 2781 1142 2840 quae
1154 2762 1183 2821 iu
1196 2781 1285 2841 genus
1296 2763 1452 2822 humanum
1466 2764 1637 2838 contuderit,

870 2849 961 2908 multa
970 2849 1056 2909 etiam
1070 2849 1107 2910 de
1117 2851 1265 2911 erroribus
1277 2865 1307 2910 et
1321 2850 1480 2927 laboribus,
1495 2854 1545 2931 qui
1559 2857 1637 2913 Her-

870 2937 927 2998 culi
956 2952 1037 2998 erant
1056 2941 1237 3015 exantlandi,
1262 2942 1428 3021 exposuisse
1449 2941 1573 3002 ridetur.
1595 2948 1639 3003 lta

798 3050 802 3066 ¹
870 3027 956 3086 etiam
969 3029 998 3086 in
1008 3028 1062 3088 hac
1070 3049 1102 3089 re
1113 3030 1250 3109 tragoedia
1260 3031 1431 3090 Prometheo
1442 3033 1638 3092 Vinctovalde

870 3116 970 3175 similis
983 3116 1051 3190 fuit,
1067 3118 1097 3176 iu
1120 3139 1176 3197 qua
1198 3120 1336 3198 tragoedia
1353 3122 1442 3180 multa
1455 3134 1522 3181 suut
1532 3123 1568 3181 de
1579 3123 1637 3182 suis

870 3203 1016 3264 beneficiis
1036 3206 1115 3264 etde
1136 3208 1218 3266 iovis
1241 3207 1396 3268 erroribus.
1412 3213 1474 3268 lluc
1495 3212 1639 3289 pertinere

869 3293 1070 3353 videnturduo
1080 3315 1188 3368 versus,
1203 3317 1275 3376 quos
1287 3297 1457 3358 Plutarchus
1469 3303 1512 3358 De
1523 3288 1638 3360 fortuna

871 3401 899 3460 p.
914 3386 963 3458 98,
977 3387 1014 3457 C,
1029 3403 1088 3442 non
1100 3386 1248 3444 nominato
1260 3387 1402 3466 tragoediae
1414 3390 1529 3448 nomine
1542 3407 1639 3449 serra-

148 3529 276 3596 generata
289 3521 371 3589 coelo,
385 3518 520 3593 adspicite
530 3519 678 3594 religatum
688 3521 793 3594 asperis
870 3472 922 3580 vit.
931 3472 1045 3551 scripu
1058 3486 1154 3532 “utem
1172 3488 1239 3535 ’ω
1253 3475 1314 3534 ¹¹²⁰
1329 3495 1338 3540 ²
1354 3478 1414 3538 Οὐ*
1428 3477 1480 3536 ἀπὸ
1491 3477 1572 3558 ‘Pili‘
1585 3477 1638 3536 οὔδ’

870 3558 1023 3638 αυτομύτως
1039 3560 1178 3642 πτρύτσμεν
1200 3562 1345 3622 αὐτῶνκαὶ
1369 3571 1531 3646 κρατῶμεν,
1550 3563 1638 3624 ttl’t

147 3687 253 3736 noctem
269 3687 398 3752 ualentes
414 3679 505 3737 timidi
518 3679 669 3738 adnectunt
680 3683 789 3741 navita.
870 3646 1040 3728 Προμηθὼὓ
1057 3648 1190 3710 τουτέων
1206 3652 1373 3732 ὁλοῖωμθῦ
1388 3651 1484 3721 ‘'im“

117 3759 132 3810 5
148 3757 294 3816 Saturnius
307 3773 351 3816 me
362 3759 402 3816 sic
417 3759 630 3833 infixitluplter,

148 3837 278 3914 lorisque
292 3855 395 3896 numeu
405 3841 535 3896 Mulelbri
546 3839 662 3898 adscivit
673 3858 780 3901 manus·

148 3917 204 3975 llos
214 3920 262 3977 ille
276 3933 378 3977 cuneos
392 3920 498 3978 lubrica
512 3921 618 3979 crudeli
632 3922 756 3982 luterens

149 4000 271 4072 pcmtpit
279 4009 357 4057 artus
370 4019 376 4055 ι
387 4016 443 4072 qua
454 3999 537 4058 miser
545 4002 666 4060 sollertia

148 4079 825 4142 musverbnuuscasmrmnumiamnincolo.

105 4159 133 4209 10
149 4159 208 4214 lam
220 4160 303 4217 tertio
314 4176 359 4217 me
369 4177 481 4234 quoque
493 4161 603 4219 funesto
612 4162 657 4220 die

148 4235 219 4294 tristi
232 4239 379 4310 advolatu,
396 4241 513 4298 aduncis
527 4242 649 4300 lacerans
661 4245 814 4318 unguibus,

150 4317 223 4375 iovis
238 4320 348 4377 satelles
360 4331 440 4394 pastu
452 4321 570 4379 dilaniat
579 4322 648 4382 lero.

151 4395 217 4454 'llam
227 4399 320 4471 jecore
329 4401 422 4474 opima
436 4401 509 4459 facta
520 4412 548 4459 et
557 4403 656 4461 satiata
669 4405 778 4464 affatim

924 3768 985 3848 [tt]
1003 3747 1108 3832 Ῐππων
1120 3765 1193 3833 ύνων
1210 3771 1238 3834 τ’
1252 3771 1337 3860 ὀχεῖα
1351 3769 1403 3836 καὶ
1415 3769 1534 3864 ταύρων
1547 3769 1637 3865 γονὰς

926 3872 997 3959 δοὺς
1015 3873 1182 3950 irrideam
1198 3881 1250 3950 καὶ
1268 3885 1367 3953 πύνων
1386 3877 1566 3981 ἐκδέκτορα,

870 4007 929 4067 κατ’
943 4007 1083 4089 Αἰσχύλον.

870 4123 952 4184 Libri
968 4125 1119 4207 ἀντίδωρα,
1137 4127 1187 4187 sed
1201 4127 1343 4193 ἀντίδουλα
1357 4129 1407 4192 ubl
1430 4131 1517 4193 iidem
1536 4154 1636 4194 verutis

871 4229 1052 4293 repetuntur,
1067 4221 1110 4276 De
1123 4219 1230 4277 sollert.
1246 4221 1333 4279 anim.
1350 4241 1378 4300 p.
1392 4224 1460 4298 964,
1475 4225 1506 4282 F.
1519 4227 1630 4282 Postre-

872 4324 920 4363 mo
934 4306 998 4364 loco
1014 4307 1109 4365 editur
1123 4306 1283 4390 ἄνθε’κτορα,
1296 4309 1345 4369 sed
1359 4311 1426 4370 libri
1447 4313 1579 4372 meliores
1592 4315 1637 4372 ἕν-

873 4391 993 4478 δέκτορα,
1010 4395 1029 4454 i.
1045 4416 1070 4454 e.
1081 4395 1232 4477 ἱκθέκτνρα,
1243 4399 1322 4477 quod
1333 4402 1482 4461 confirmat
1493 4403 1635 4481 Porphyr.

152 4473 303 4550 clangorem
313 4478 523 4538 iunditvastum
534 4492 561 4540 et
571 4483 827 4545 sublimeadvolans
861 4485 907 4542 Ile
920 4483 1024 4544 abstin.
1040 4489 1093 4559 lll,
1113 4485 1157 4560 18,
1172 4506 1204 4565 p.
1218 4489 1286 4547 258.

79 4599 925 4637 ..m

418 4703 466 4756 ot.

79 4765 202 4842 Pupureo
214 4775 306 4835 littore
318 4775 456 4839 inclusum
471 4785 560 4842 Rubri
575 4801 686 4843 sacrum

154 4851 252 4914 flumen
265 4859 352 4916 maris

82 4938 194 5004 tutoque
204 4935 321 4996 mimine
333 4957 491 5013 percussam
509 4943 585 5017 apud
599 4947 742 5003 Oceanum

83 5006 195 5100 paludem
205 5017 305 5075 almam
316 5022 491 5096 AEtbiopum,

82 5081 121 5140 m
131 5089 183 5162 illc,
193 5097 239 5168 qui
251 5100 344 5157 omnia
355 5101 440 5172 videt,
451 5105 497 5161 Sol
509 5111 573 5176 post
581 5106 706 5180 quemvis
715 5120 827 5163 cursum

84 5175 168 5262 What
183 5174 336 5237 immortale
349 5179 491 5258 fusosque
503 5199 589 5258 equos

158 5267 184 5308 tu
198 5258 296 5330 tepidis
309 5276 387 5334 aquae

1121 4627 1637 4652 -u—nh—-Q—-u-—n-

870 4701 961 4758 suavis
979 4701 1121 4776 profluviis
1134 4703 1220 4778 quieti
1232 4704 1328 4762 uadit.

1228 4813 1274 4868 68.

1065 4910 1159 4968 Genus
1173 4909 1367 4982 nigripellium.

1229 5009 1277 5059 tt.

872 5105 1015 5176 Equomm
1023 5099 1350 5179 calamumqucrebicula
1361 5111 1541 5161 stuprorum
1551 5113 1638 5176 gertus

870 5183 940 5242 dans
964 5185 1181 5244 ministeriorum
1199 5184 1333 5243 ricarium
1348 5194 1376 5243 et
1400 5183 1527 5243 laborum
1545 5199 1624 5242 susce

1511 5263 1636 5337 [annm.
