3680 5790
642 334 853 401 soeflonus
873 333 1125 400 FRAGMENTA.

88 481 153 540 tine
173 473 346 538 Comissatio
360 471 486 546 dicitnr,
509 488 600 549 quum
621 489 658 527 ne
684 467 720 526 de
743 466 862 528 nomine

87 565 211 648 quidem
230 564 299 626 satis
311 574 424 622 constet
442 557 861 637 tantaqnesitlragmentorum

88 655 230 730 tenuitas,
245 665 279 712 ut
292 671 328 712 ex
345 651 402 709 illis
414 649 487 708 nihil
500 648 597 727 colligi
610 646 710 725 possit.
733 647 863 704 Welclte·

88 765 153 820 rus,
167 743 218 824 qui
238 744 337 818 Κῶμον
355 739 483 800 fabulam
498 737 603 796 dictam
623 735 746 814 putavit,
758 733 863 794 Bacchi

88 836 328 896 comissationem
363 831 399 890 ad
422 832 565 890 Althaeam
597 827 758 901 intellexit,
781 823 863 902 cujus

88 924 249 1004 Euripides
263 923 294 981 in
307 920 436 999 Cyclope
448 920 624 978 mentionem
638 917 707 976 lacit
720 936 747 976 ν.
763 916 800 974 38
816 937 823 972 ι

191 1037 306 1116 Ὀμυιος
320 1040 382 1116 ὑμῖν
396 1039 442 1093 νῦν
457 1057 485 1092 τε
500 1031 574 1114 χῶτε
588 1031 698 1112 Βακχίῳ

194 1127 281 1203 κῶμοι
294 1121 495 1190 συνασπίζοντες
508 1120 630 1186 Ἀλθαίας
642 1118 737 1197 δόμους

193 1211 308 1296 προσῇτ’
320 1211 422 1278 ἀοιδαῖς
437 1208 570 1291 βαρόίτων
582 1207 769 1288 σαυλούμενοι;

89 1327 135 1383 Ac
156 1334 242 1400 negat
257 1320 432 1380 Welckerus
455 1323 588 1378 Momum
620 1335 681 1378 esse
709 1333 865 1394 personam

90 1410 292 1468 dramaticam.
305 1414 338 1468 In
352 1429 409 1486 qua
421 1427 453 1467 re
463 1411 563 1468 nescio
579 1427 616 1466 aa
634 1407 682 1466 vir
700 1403 864 1484 praeclaris-

90 1499 183 1557 simus
196 1499 283 1557 lalsus
296 1498 344 1570 sit,
357 1495 520 1576 praesertim
541 1515 631 1574 quum
651 1495 738 1554 etiam
758 1492 864 1551 AEchaei

90 1592 210 1646 Momus
231 1586 262 1645 in
282 1585 402 1644 scholiis
425 1583 462 1644 ad
489 1583 694 1664 Aristophanis
714 1587 865 1650 Pacemv.

93 1675 153 1749 357
176 1685 430 1733 commemoretur.
455 1677 495 1733 At
519 1673 543 1730 si
571 1678 689 1731 Momus
710 1691 798 1730 verus
824 1681 867 1726 est

91 1763 202 1822 fabulae
223 1763 334 1836 titulus,
357 1759 494 1820 omnibus
516 1759 652 1820 subsidiis
672 1759 866 1832 destituimur,

92 1850 203 1929 quibus
223 1851 259 1910 ad
294 1850 458 1929 argumenti
487 1849 684 1929 cognitionem
714 1847 867 1926 pervenire

93 1941 250 2020 possimus.
263 1945 437 2020 Fragmenta
448 1942 601 2000 maximam
624 1953 738 2020 partem
754 1940 785 1997 iu
804 1942 866 1997 He-

93 2031 188 2110 sychii
201 2031 302 2110 glossis
315 2031 516 2109 reperiuntur;
529 2030 655 2108 primum
667 2041 711 2088 est
724 2051 731 2086 ι
746 2024 868 2100 Ἀλώπηξ

92 2117 206 2201 ὄρχησίς
221 2142 269 2186 τις.
282 2118 338 2179 Καί
357 2118 441 2198 [7211]
457 2144 468 2172 ι
482 2116 635 2190 σἰλωπηκίαι
646 2143 658 2171 ι
671 2115 769 2197 Μώμῳ
789 2115 866 2197 (eod.

94 2205 219 2287 μώμων)
245 2209 400 2288 Σοφοκλῆς,
423 2205 487 2288 ὅπερ
503 2205 574 2266 ἐστίν
603 2207 630 2264 ἐν
660 2203 767 2283 σώματι
787 2203 870 2270 πόθος

93 2295 246 2376 γενόμενον.
269 2296 339 2355 tel:
367 2296 451 2375 [721]
473 2294 635 2376 ιοίμφιον,ν
662 2293 771 2373 ἔνδυμα.
801 2294 869 2374 Συφ.

93 2384 202 2467 Μώμῳ.
217 2385 260 2449 ltl.
277 2385 361 2466 [722]
377 2385 560 2467 οᾶναστῦψαι,
572 2411 585 2436 ν
598 2384 695 2465 ἐπᾶραι
705 2382 735 2442 τὸ
752 2383 868 2441 αἰδοῖον·

94 2473 113 2547 h
129 2472 285 2553 στυγνοίσαι.
305 2475 372 2556 Σοφ.
394 2471 501 2553 Μώμῳ.
516 2473 562 2532 Id.
577 2469 685 2555 [723]σ
704 2469 869 2552 ἄνθρωποι

97 2563 153 2623 οἷνω
166 2563 279 2644 δρῶσκε,
294 2563 384 2643 όρχοῦ.
396 2563 463 2641 Σοφ.
484 2559 581 2641 Μώμῳ
601 2560 677 2640 (cod.
698 2556 802 2640 κώμῳ).
825 2557 869 2617 ld.

95 2651 180 2730 [771]
204 2649 424 2726 ιάποσκόλυπτε,
438 2675 450 2704 ιι
466 2647 610 2717 σἰπολέπιζι
636 2646 683 2708 καί
709 2645 867 2706 οίποκόλουε.

95 2739 174 2802 Φασὶ
195 2739 240 2799 καὶ
260 2738 305 2800 τὸν
320 2738 548 2822 περπετμημένον
562 2734 592 2796 τὸ
606 2737 705 2796 αἰδοῖον
727 2737 870 2794 'dmm'
914 2775 1029 2854 jectura
1043 2775 1146 2853 possis.
1160 2781 1262 2854 ltaque
1273 2777 1389 2836 luerunt
1404 2779 1455 2856 qui
1470 2777 1584 2836 titulum
1599 2791 1631 2836 ut
1643 2799 1691 2838 er-

94 2827 265 2908 λομμίνον.»
285 2829 424 2911 Σοφοκλῆς
443 2827 549 2910 Μώμῳ.
569 2825 781 2888 Grammaticus
797 2824 872 2884 Bek-

97 2919 159 2978 teri
184 2940 214 2998 p.
240 2919 313 2992 ast,
331 2927 369 2988 ah
394 2940 435 2977 :a
457 2915 686 2998 ἀποσκολιίψαι,ι
714 2915 819 2996 ἀφελεῖν
841 2912 872 2972 τό

100 3005 223 3089 δίρμα·ῆ
239 3007 439 3087 οἷπογυμνώσαι.
455 3007 593 3087 Σοφοκλῆς
603 3001 631 3062 δὲ
644 3003 674 3062 τδ
687 3002 872 3062 «translate»

99 3096 126 3154 lv
152 3095 292 3179 Μενελάῳ.
319 3095 401 3154 Idem
426 3099 586 3154 Grammat.
606 3091 728 3152 Beklreri
748 3111 778 3169 p.
804 3091 872 3164 416,

102 3203 137 3243 aa
149 3206 156 3243 ι
170 3179 253 3271 [725]
266 3211 278 3238 ι
292 3183 397 3267 ἅρπην,
413 3209 426 3237 ν
441 3182 580 3264 δρέπανον.
597 3184 665 3261 Σοφ.
680 3177 777 3262 Μώμῳ
793 3179 872 3260 (cod.

98 3271 197 3355 νόμῳ)
225 3275 369 3355 σατυρικῷ.
392 3271 607 3332 Choerolaoscus
637 3270 724 3329 Belle.
761 3267 871 3330 Anecd.

100 3385 130 3442 p.
150 3365 225 3433 1364
238 3386 246 3422 ι
257 3362 288 3424 τδ
306 3389 318 3416 ν
334 3359 380 3422 σίιν
404 3361 475 3444 δόρει
498 3359 545 3422 σὺν
560 3360 697 3433 ἀσπίδων
721 3357 785 3438 ὅπερ
802 3357 874 3439 Ἀρι-

101 3449 237 3533 στοφόνης
254 3449 432 3534 παριμφαίνει
446 3452 473 3510 ἐν
486 3449 589 3532 Εἰρήνῃ
601 3450 638 3528 [ν.
650 3447 718 3526 357)
733 3448 760 3506 ἰν
777 3444 874 3527 Μώμῳ

101 3537 267 3620 Σοφοκλέους
289 3537 461 3621 προκείμενον
487 3540 523 3605 ώς
544 3536 597 3596 ἀπὸ
620 3539 667 3594 τοῦ
691 3533 764 3615 δόρος
793 3532 873 3592 ἐστίν.

1623 357 1677 414 371

909 467 979 526 vino
991 467 1113 528 ridicula
1129 468 1284 548 conjuncta
1296 471 1413 546 luerint,
1425 473 1482 534 nisi
1493 475 1571 552 quod
1582 479 1612 538 in
1627 484 1680 540 Sa·

910 557 982 633 tyris
992 558 1068 616 serio
1083 558 1113 616 id
1124 559 1225 620 fecisse
1235 560 1378 621 videatur.
1393 569 1566 644 comparem
1580 567 1680 630 drama

910 665 977 706 cum
990 650 1124 725 Lycurgo
1138 649 1280 726 AEschyli,
1295 651 1349 709 nisi
1364 653 1444 730 qnod
1462 655 1525 714 veri
1540 657 1611 732 vini,
1621 679 1679 718 non

910 735 987 794 cocti
1002 754 1073 796 usus
1083 738 1257 798 ostenditur.
1272 741 1369 800 Choro
1383 741 1530 803 tribuendi
1546 745 1681 806 suntduo

911 839 1024 896 versus,
1041 844 1117 902 quos
1137 829 1266 888 servavit
1286 832 1491 907 grammaticus
1509 833 1587 911 apud
1607 835 1680 892 Bele-

911 910 1013 970 lterum
1027 933 1056 990 p.
1072 915 1141 991 385,
1163 918 1196 976 18
1208 939 1216 976 ε
1230 915 1345 978 ’λλυπον
1360 917 1435 989 ἄνθος
1457 921 1546 994 ἀνίας,
1564 923 1587 981 εἰ
1600 921 1684 989 όίλοις

913 999 994 1058 εἰπεῖν
1005 1000 1049 1060 lati
1056 1023 1127 1070 τινος
1138 1005 1294 1087 πράγματος
1304 1004 1411 1080 δλιίπης
1421 1008 1592 1081 ἀπαλλάττει,
1603 1009 1683 1080 οὕτως

912 1082 945 1144 δν
956 1085 1082 1166 χρήσαιο,
1097 1093 1132 1158 tae
1148 1092 1193 1152 καὶ
1210 1095 1348 1175 Σοφοκλῆς
1361 1097 1387 1156 ἰν
1399 1098 1437 1177 τῷ
1456 1099 1621 1177 Διονυσιακῷ
1634 1103 1683 1155 σα-

911 1180 1010 1257 τυρικῷ
1030 1177 1073 1238 ἐπί
1092 1177 1162 1241 aiano
1179 1185 1285 1263 πρώτω
1304 1185 1475 1264 γευσαμένων
1489 1187 1541 1246 τῶν
1556 1184 1624 1245 κατὰ
1639 1184 1683 1245 τδν

912 1264 990 1348 χορὸν
1006 1266 1142 1350 σατύρων·

1020 1399 1102 1482 [727]
1130 1397 1226 1466 Πόθεν
1244 1405 1314 1468 ποτ’
1331 1397 1448 1470 οὶλυπυν
1466 1393 1526 1468 <lh

1128 1501 1212 1600 εὗρον
1229 1501 1318 1586 ἄνθος
1332 1506 1439 1594 ἀνίσως

913 1617 998 1680 'otu
1022 1622 1050 1680 δδ
1069 1621 1100 1682 τδ
1115 1623 1254 1705 μελύδριον
1263 1626 1399 1686 πολιτικδν
1419 1627 1486 1705 ἄγαν
1501 1627 1601 1706 γέγονε·
1619 1627 1686 1706 μετὰ

912 1708 963 1788 γὰρ
981 1711 1029 1781 τῆς
1041 1709 1124 1783 ιίλλης
1147 1713 1282 1795 ἐναργείας
1302 1715 1449 1794 λελυμένην
1464 1715 1519 1795 ἔχει
1538 1713 1586 1786 τήν
1600 1717 1688 1792 ἑρμη-

913 1795 985 1856 νείαν
1005 1797 1051 1856 καλ
1069 1799 1209 1875 μιθιίουσιν
1231 1803 1425 1884 ἁρμόττουσαν.
1438 1807 1486 1865 Δεῖ
1499 1801 1529 1864 δί
1542 1801 1589 1872 τδις
1600 1803 1688 1870 λίισεις

914 1889 962 1958 τῆς
976 1887 1116 1968 ἑρμηνείας
1130 1890 1271 1972 ἁρμόττειν
1290 1901 1345 1961 τοῖς
1363 1891 1479 1973 νοήμασι
1495 1891 1540 1952 καί
1556 1890 1593 1973 μὴ
1611 1889 1687 1974 σφίγ·

914 1999 969 2056 γειν
986 2001 1013 2038 κ.
1027 2003 1052 2038 τ.
1064 1982 1091 2041 λ.
1103 1982 1188 2040 Haud
1198 1983 1335 2044 dissimile
1347 1997 1390 2045 est
1402 1985 1482 2044 aliud
1495 1985 1687 2064 fragmentum

915 2066 994 2146 apud
1024 2069 1202 2146 Hesychium
1220 2073 1323 2152 ;[728]
1336 2101 1349 2128 ι
1364 2072 1474 2154 θωχθιίς
1488 2100 1518 2149 ν,
1531 2071 1688 2156 repagula,

917 2155 1064 2234 μεθυσθείς.
1080 2158 1148 2240 Σοφ.
1161 2163 1336 2244 Δωνυσιακῷ.

1218 2297 1385 2322 -mn—

1195 2389 1414 2451 ΖΩΣΤΗΡΙΞΣ.

958 2511 1068 2567 Drama
1084 2508 1165 2586 quod
1180 2511 1321 2592 Ζωστῆρος
1335 2511 1509 2591 inscriptum
1533 2513 1588 2572 luit
1604 2513 1690 2572 semel

919 2598 1121 2658 tantummodo
1148 2614 1393 2660 commemoratur
1417 2622 1435 2661 a
1461 2601 1578 2661 Polluce
1604 2603 1692 2681 idque

919 2687 969 2746 tali
986 2685 1085 2758 modo,
1102 2698 1134 2745 ut
1154 2688 1227 2746 nihil
1249 2689 1285 2748 de
1306 2702 1478 2768 argumento
1493 2689 1607 2769 assequi
1621 2709 1691 2748 con·

919 2886 987 2926 rore
1006 2877 1103 2924 ortum
1124 2865 1233 2924 fabulis
1247 2866 1418 2945 Sophocleis
1433 2868 1560 2925 eximere
1576 2866 1690 2926 vellent.

920 2957 1087 3019 Welclterus
1112 2967 1226 3030 nutem,
1253 2975 1311 3034 qua
1333 2967 1378 3014 est
1400 2955 1430 3014 in
1453 2955 1541 3014 rebus
1570 2956 1693 3014 investi-

920 3045 1023 3126 gandis
1035 3044 1191 3122 sagacitate
1209 3057 1238 3104 et
1254 3046 1283 3103 in
1299 3043 1510 3124 componendis
1524 3044 1692 3118 subtilitate,

920 3146 1124 3214 argumentum
1141 3155 1178 3194 ex
1195 3135 1331 3195 Herculis
1352 3135 1473 3195 historia
1486 3147 1613 3196 sumtum
1631 3157 1692 3196 esse

921 3226 1080 3305 perspexit.
1107 3227 1281 3285 Provocavit
1300 3225 1337 3284 ad
1361 3225 1554 3306 fragmentum
1576 3225 1694 3286 Pindari

921 3315 952 3374 in
964 3315 1055 3376 schol.
1077 3315 1180 3393 Eurip.
1197 3314 1338 3374 Androm.
1364 3316 1421 3390 798
1433 3336 1440 3372 :
1454 3315 1490 3374 Ol
1505 3311 1553 3391 μίν
1574 3314 1694 3373 πλεῖστοι

921 3401 1074 3480 Τελαμῶνά
1094 3423 1159 3483 φασι
1177 3406 1370 3482 συστρατεῦσαι
1390 3403 1429 3482 τῷ
1445 3399 1573 3484 Ἡρακλεῖ
1591 3403 1628 3471 εἷς
1645 3401 1693 3474 τήν

921 3487 1018 3563 Ἴλιον,
1035 3487 1090 3548 ὁδί
1104 3488 1237 3570 Πίνδαρος
1249 3487 1297 3549 καί
1312 3487 1422 3564 Πηλέα,
1441 3491 1504 3571 παρ’
1519 3480 1548 3548 οὗ
1561 3488 1629 3549 ἔοικε
1645 3487 1694 3562 τὴν

921 3579 1040 3661 ἱστορίαν
1055 3581 1069 3638 ό
1086 3577 1234 3660 Εὐριπίδης
1248 3577 1350 3639 λαθεῖν.
1364 3577 1445 3658 Alget
1462 3576 1514 3660 γὰρ
1526 3578 1694 3662 δΠίνδαρος·

922 3671 963 3728 ot
984 3663 1098 3740 Μηλίοις
1118 3664 1238 3726 ἇντιθίαυ
1263 3667 1374 3748 μόχθοιν
1397 3667 1527 3727 νεώτατον
1544 3667 1696 3750 ἐπιλάμψαι

923 3755 1033 3840 μυρίοις.
1048 3757 1161 3834 Πρῶτον
1176 3753 1225 3834 μίν
1241 3753 1390 3835 Ἀλκμήνης
1408 3753 1453 3814 niu
1466 3758 1516 3816 υίιῗι
1529 3755 1630 3838 Τρώων
1643 3757 1696 3834 ἀμ-

100 3842 185 3926 [776]
201 3829 227 3914 A
233 3873 284 3940 ρης
300 3851 317 3913 d
332 3850 447 3942 λῃστής
464 3846 516 3914 σὺν
531 3835 612 3937 δόρει
630 3844 681 3912 σὺν
699 3832 818 3910 ἀσπίδι.
922 3845 1020 3905 πέδιλα
1034 3845 1079 3906 καί
1094 3843 1161 3924 μετὰ
1181 3848 1318 3927 ζωστῆρας
1336 3843 1482 3922 Ἀμαζόνας
1497 3817 1570 3919 lite.
1584 3844 1697 3905 Deinde

923 3935 1238 4014 Epicharmiearmeu,
1251 3933 1333 4012 quod
1347 3934 1521 4012 inscriptum
1535 3946 1596 3993 erat
1610 3932 1697 4016 Ἦρα-

924 4024 989 4095 κλῆς
1006 4025 1020 4082 δ
1036 4023 1081 4084 tet
1095 4022 1140 4082 τδν
1157 4025 1297 4106 ζωστῆρα,
1314 4023 1351 4082 ad
1362 4022 1566 4082 stabiliendam
1579 4035 1697 4082 senten-

925 4114 994 4173 tiam
1007 4127 1159 4174 memorat.

142 4205 189 4264 Bis
208 4201 380 4270 Διονυσιακδς
393 4203 547 4282 Sophoclis
560 4223 577 4262 a
590 4203 784 4282 grammaticis
798 4223 877 4262 com·
964 4207 1036 4276 Quae
1048 4225 1138 4283 quum
1151 4205 1192 4264 ita
1209 4204 1276 4278 sint,
1293 4217 1390 4265 tamen
1411 4207 1501 4266 multa
1520 4204 1698 4264 obscuritate

103 4305 303 4360 memoratum
328 4293 416 4351 semel
450 4291 577 4350 fabulam
607 4293 761 4370 satyricam
789 4292 897 4352 luissev
924 4291 1074 4352 Welclteri
1097 4293 1241 4352 sententia
1261 4291 1356 4354 obsita
1375 4307 1427 4355 est.
1444 4293 1548 4355 Pollux
1566 4293 1642 4351 enim
1657 4292 1697 4352 ita

102 4380 236 4441 additum
259 4394 312 4440 est.
335 4385 478 4440 Praeterea
500 4382 559 4440 laaec
577 4382 723 4461 posterior
750 4401 878 4440 comme·
925 4381 1044 4459 scripsit
1054 4386 1118 4454 v11,
1133 4380 1172 4440 68
1183 4403 1190 4439 :
1200 4379 1270 4441 Ὅτε
1281 4385 1328 4454 τῆς
1343 4381 1483 4460 Ἀμαζόνος
1495 4378 1608 4462 Zona-hp
1620 4381 1697 4454 καὶὴ

104 4467 231 4527 moratio
255 4480 298 4526 est
326 4466 485 4546 ejusmodi,
511 4483 545 4527 ut
565 4470 644 4548 quod
675 4483 877 4548 argumentum
926 4471 952 4530 ἐν
976 4477 1034 4537 ταῖς
1056 4467 1224 4554 Σοφοκλέους
1248 4473 1406 4551 Ζωοιῆρσιν
1432 4467 1590 4549 ίπιζώστρα.
1618 4467 1697 4547 Λίγει

106 4557 205 4634 luerit,
220 4555 349 4616 dubitari
362 4577 420 4615 non
437 4558 538 4636 possit.
552 4559 649 4636 Satyri
664 4559 741 4616 enim
762 4569 879 4636 gustant
926 4562 989 4638 γοῦν
1008 4559 1104 4639 [729]
1115 4587 1126 4610 ι
1139 4554 1274 4640 Ἐχοντας
1297 4557 1423 4626 εὐζώνους
1446 4557 1561 4617 ἕστασαν
1584 4555 1697 4634 ίματίων

105 4645 206 4704 vinum
236 4645 453 4725 miranturque,
482 4646 558 4705 uude
585 4659 643 4705 tam
669 4644 762 4705 dulcis
796 4647 877 4726 potio
927 4645 1179 4730 ἐπιζώστρας.ινλε
1197 4648 1282 4706 docet
1304 4647 1385 4705 locus
1407 4646 1532 4704 Pollucis
1553 4647 1699 4726 Ζωστῆρος

106 4746 201 4794 sumta
217 4737 271 4810 sit,
286 4755 351 4814 qnae
370 4736 487 4794 dolores
501 4734 608 4814 abigat.
628 4735 776 4797 Videntur
789 4736 879 4816 igitur
928 4735 1066 4817 distingui
1088 4736 1126 4795 ab
1148 4734 1363 4808 Amazonihus3
1388 4735 1492 4794 deindo
1512 4733 1596 4794 lacile
1619 4743 1699 4812 patet

106 4821 206 4882 omnia
220 4843 313 4884 essen
333 4837 421 4904 poeta
434 4826 576 4903 exposita,
591 4844 658 4904 quae
676 4846 743 4884 cum
758 4827 878 4886 invento
928 4847 988 4887 uon
1004 4847 1091 4906 posse
1104 4831 1265 4885 Amazones
1284 4825 1407 4902 intelligi
1430 4843 1495 4903 qnae
1512 4825 1614 4884 cinctae
1635 4823 1697 4882 fue·

108 4935 452 4951 ψ-ι

460 5027 522 5080 726.

213 5149 290 5206 tlara
301 5145 372 5204 latro
385 5162 449 5205 eum
463 5145 542 5206 hasta
554 5161 618 5206 cnm
630 5153 719 5205 εαιιιο.

98 3628 187 3706 Apud
199 3627 384 3688 scholiastam
395 3625 598 3705 Aristophanis
611 3643 712 3682 versus
724 3634 819 3681 exstat
832 3621 874 3680 in-

99 3731 181 3796 teger
194 3737 371 3796 quamquam
383 3735 419 3776 ex
431 3714 530 3775 Achaei
541 3711 639 3794 Μώμῳ
652 3713 771 3771 citatus:

409 3995 573 4020 ⁴000—-

354 4078 623 4140 DIONYSIACUS.

1016 5065 1099 5126 Unde
1111 5081 1233 5140 unquam
1246 4993 1351 5123 aoidds
1363 5073 1501 5142 expertem
1515 5064 1585 5124 adeo

1016 5149 1103 5223 reperi
1116 5147 1212 5205 liorem
1225 5145 1361 5204 tristitiae?

1554 5254 1591 5302 21.
