3650 5798
583 440 791 504 soPfloctts
811 441 1064 506 FRAGMENTA.

17 579 189 638 *antonium
211 581 443 656 Agamemnonis.
467 574 521 633 Alii
541 574 626 653 plane
654 571 793 631 diversam

17 667 203 745 :ragoediam
217 666 373 724 commenti
396 676 471 722 sunt.
492 668 603 721 Nomen
619 661 763 742 tragoediae
778 679 796 717 a

16 755 170 832 primaria
190 773 316 834 persona
337 773 374 811 ex
396 771 476 811 more
498 749 649 828 Sophoclis
673 748 794 827 petitum

16 865 88 903 esse
112 865 219 923 negare
237 865 296 902 non
311 855 378 902 sunt
397 841 480 901 ausi:
496 861 555 899 rem
571 852 666 899 tamen
686 839 726 896 ita
740 838 797 895 im·

16 945 196 1004 mutarunt,
214 946 248 991 ut
269 933 442 1010 Polyxenam
467 930 498 989 in
520 929 604 988 initio
620 927 794 986 immolatam

16 1032 118 1096 atque
132 1042 169 1081 ex
180 1042 213 1080 ea
228 1041 276 1094 re,
290 1041 355 1100 quae
369 1019 534 1080 auditorum
550 1017 661 1075 animos
673 1015 796 1073 maxime

16 1122 174 1183 moveret,
190 1129 296 1168 nomen
309 1107 453 1188 tragoediae
465 1106 563 1164 datum
577 1124 638 1164 esse
652 1103 796 1177 dicerent;

16 1201 212 1279 praecipuum
232 1212 432 1279 argumentum
455 1197 616 1256 constitisse
633 1195 664 1253 in
687 1192 795 1252 descri-

18 1287 128 1344 benda
149 1285 371 1366 Agamemnonis
388 1281 553 1345 conditione
572 1295 636 1359 post
649 1279 793 1340 excidium

17 1375 129 1453 Trojae
143 1375 285 1434 incastris
299 1379 485 1447 Graecorum,
503 1371 607 1431 deinde
622 1371 652 1430 in
667 1367 730 1446 ejus
750 1387 796 1436 re·

19 1464 94 1522 ditu
108 1483 202 1541 eaque
213 1475 307 1536 sorte,
319 1482 383 1540 qnae
397 1461 423 1520 ei
437 1462 467 1520 in
481 1460 604 1541 patriam
618 1477 736 1516 reverso
747 1455 797 1515 ob-

19 1563 155 1610 ventura
180 1563 262 1611 esset.
289 1550 521 1610 Immolationem
552 1548 706 1625 Polyxenae
738 1564 797 1603 non

20 1639 121 1698 luisse
134 1639 307 1718 postulatam
320 1637 356 1697 ab
371 1637 500 1714 Achille,
515 1636 564 1695 sed
577 1636 656 1694 illam
673 1633 796 1692 occisam

19 1747 108 1798 csse,
124 1739 160 1784 ut
174 1727 298 1785 victores
319 1726 446 1804 victique
465 1725 522 1783 hoc
537 1723 678 1784 sacrificio
696 1721 797 1780 odium

21 1813 215 1892 deponerent
223 1813 548 1890 reconciliarenturque.
560 1811 648 1885 Quod
657 1809 724 1868 dum
735 1829 798 1887 per·

19 1915 185 1980 ageretur,
199 1902 291 1960 rixam
302 1901 380 1960 inter
392 1901 494 1960 fratres
512 1913 640 1959 exortam
654 1911 683 1957 et
693 1903 798 1956 Mene-

20 1991 110 2049 laum
123 1988 643 2049 voluisseredirecontravoluntatem
649 1987 796 2046 Minervae.

22 2080 126 2150 Quem
142 2092 175 2136 nt
187 2099 203 2136 a
214 2090 388 2157 praematuro
401 2076 498 2135 reditu
515 2075 544 2134 ih
556 2075 679 2155 patriam
693 2073 798 2133 retine-

22 2178 94 2240 ret,
119 2166 261 2224 Achillem
284 2165 450 2244 apparuisse
476 2166 562 2242 eiqne
588 2175 620 2220 ut
642 2163 704 2221 deae
729 2161 797 2221 satis

23 2255 113 2312 fieret
133 2254 318 2332 persuasisse.
337 2258 381 2312 Ita
398 2252 553 2329 Polyxenae
570 2250 797 2310 immolationem

22 2343 219 2421 apparitione
231 2341 377 2400 simulacri
389 2353 580 2420 praeparatam
595 2359 656 2398 esse
667 2337 797 2398 reconci-

24 2430 240 2508 liationemque
252 2429 380 2489 hostium
394 2441 546 2488 ostensam.

69 2523 147 2590 Quae
171 2537 343 2596 quamquam
366 2517 513 2576 subtiliter
533 2515 695 2593 excogitata
717 2523 798 2586 snat,

26 2619 131 2663 tamen
148 2605 327 2683 antiquitatis
340 2606 483 2664 memorie
495 2623 613 2683 prorsus
625 2612 799 2682 repugnant,

25 2713 129 2770 neque
161 2693 298 2752 credibile
319 2705 363 2752 est
388 2692 557 2773 Euripidem
578 2709 640 2750 esse
666 2701 797 2748 secutum

25 2782 142 2860 quaein
162 2783 266 2860 vulgus
288 2794 358 2841 nota
376 2793 484 2855 essent,
500 2780 675 2859 Sophoclem
698 2778 798 2838 eadem

26 2869 211 2947 repudiasse.
224 2871 324 2948 Neque
334 2889 406 2928 vero
425 2887 490 2947 quae
508 2869 677 2928 Welclserus
690 2867 799 2938 docuit,

26 2969 117 3017 extra
139 2977 254 3016 omnem
269 2957 482 3016 dubitationem
499 2957 594 3036 posita
613 2968 694 3027 sunt;
713 2955 799 3013 nimis

26 3043 125 3104 mtdta
144 3045 237 3120 enirn,
253 3067 319 3124 quae
337 3045 374 3104 ad
396 3044 571 3121 Polyxenam
590 3043 685 3105 minus
706 3042 798 3123 perti-

26 3145 114 3206 nent,
128 3146 297 3211 argumento
318 3133 482 3192 immiscuit.
501 3135 604 3212 Neque
620 3131 799 3216 intelligitur,

27 3243 87 3280 cnr
98 3223 257 3297 Menelaus,
270 3223 321 3302 qni
335 3223 432 3282 statim
443 3222 558 3295 abierit,
573 3223 651 3280 inter
663 3241 800 3302 personas

25 3311 142 3368 relatus
163 3311 217 3388 sit,
235 3330 329 3389 neque
343 3311 412 3370 satis
424 3310 591 3390 exponitur,
612 3329 665 3368 cur
683 3309 800 3368 simula-

26 3417 116 3455 crum
132 3397 252 3457 Achillis
270 3399 446 3478 apparuerit.
470 3397 603 3476 Denique
621 3417 681 3457 non
697 3397 801 3476 proba-

26 3485 94 3544 bile
116 3497 160 3544 est
181 3491 426 3564 Agamemnonem
445 3505 499 3566 per
520 3486 741 3564 Neoptolemum
763 3482 799 3542 ad

27 3573 240 3632 immolandam
270 3575 411 3653 virginem
442 3575 625 3652 compulsum
646 3591 727 3651 esse,
749 3572 800 3650 qni

27 3681 86 3739 per
96 3661 238 3721 Achillem
250 3661 346 3745 ipsum
359 3683 419 3723 non
433 3664 473 3722 sit
482 3673 640 3742 permotus.

72 3754 196 3828 Magnus
217 3748 448 3826 conjecturarum
470 3770 601 3830 campus,
624 3748 730 3828 quihus
752 3769 800 3808 an-

27 3855 102 3914 ceps
141 3849 185 3894 est
217 3856 325 3896 novam
356 3838 474 3897 addere.
504 3835 673 3897 Distributis
703 3848 799 3895 tamen

28 3925 157 4002 captivis
171 3944 261 4002 qaum
276 3945 376 3986 omnes
393 3928 453 3986 lere
469 3927 500 3985 in
517 3925 641 4004 patriam
660 3923 799 4000 redirent,

27 4017 213 4089 Agamemno
236 4013 318 4072 malis
349 4013 496 4072 ominibus
528 4013 646 4072 territus
683 4011 800 4072 videtur

29 4100 217 4179 remansisse,
229 4107 272 4174 ut,
288 4101 318 4160 id
333 4102 413 4180 quod
427 4100 548 4161 decebat
559 4100 676 4175 ducem,
690 4113 719 4158 et
731 4099 800 4160 deos

29 4189 165 4266 placaret
175 4202 204 4248 et
216 4191 344 4249 omnium
357 4190 442 4249 saluti
462 4190 632 4250 consuleret.
645 4193 712 4262 Quo
725 4189 799 4248 lacto

30 4295 111 4334 unns
130 4296 233 4354 expers
256 4278 375 4338 honoris
398 4278 454 4338 luit
474 4276 572 4356 isque,
596 4277 647 4355 qui
671 4277 799 4335 omnium

30 4363 208 4422 fortissimus
228 4366 436 4444 Agamemnoni
454 4383 569 4444 semper
590 4377 652 4424 erat
670 4364 801 4424 adversa·

32 4467 91 4512 tus.
116 4457 171 4513 Hic
192 4473 272 4512 suam
295 4469 406 4534 partem
429 4455 535 4536 praedae
557 4455 693 4534 postulat,
712 4474 799 4532 quam

29 4541 76 4599 illi
102 4540 237 4620 denegari
260 4541 301 4601 las
323 4565 382 4603 non
405 4544 469 4603 luit.
488 4547 553 4603 Nou
580 4555 676 4601 autem
701 4562 800 4602 servos

9 4687 10 4694 ς
31 4641 117 4687 tanto
138 4629 200 4688 viro
220 4629 362 4690 immolari
381 4630 471 4692 licuit.
490 4629 701 4691 Pretiosissima
722 4651 801 4710 quae·

29 4737 89 4794 que
103 4729 251 4795 petuntur.
267 4723 310 4778 lta
329 4719 373 4778 illi
391 4719 559 4779 immolatur
578 4719 735 4796 Polyxena,
758 4719 801 4779 ul-

105 5007 214 5081 Jupiter
226 5007 348 5066 reditum
361 4944 496 5083 ddtgqiirta
509 5007 639 5080 victoria,

102 5101 160 5158 quo
172 5102 303 5146 erumnae
314 5086 446 5146 desinunt
456 5085 627 5146 Atridarum.

247 5240 379 5316 Quamvis
386 5176 529 5300 ididiam
541 5239 679 5300 sententia

1549 461 1607 513 Atat

850 572 919 631 tima
929 573 1055 648 victima,
1067 575 1307 652 quemadmodum
1318 578 1468 655 Iphigenia
1480 581 1606 642 onmium

850 661 942 737 prima
973 662 1036 721 luit.
1056 661 1190 722 Redtmm
1218 672 1391 744 Agamemno
1417 667 1472 726 sibi
1495 689 1603 747 parass:

850 761 942 825 putat,
957 762 986 806 at
1006 750 1066 808 abit
1083 751 1157 811 inter
1173 753 1288 811 sinistra
1310 753 1416 830 omina,
1427 775 1491 832 quae
1504 758 1561 835 ipsi
1580 757 1600 816 ir

849 849 970 916 patriam
982 857 1099 898 reverso
1115 854 1252 901 eventura
1263 843 1328 900 sint.

889 931 990 1006 Neque
1012 947 1082 986 vero
1105 928 1228 989 dixerim
1249 951 1312 1008 quae
1335 952 1464 1010 personae
1492 934 1601 992 suerint

850 1019 1095 1092 Agamemnonem
1108 1031 1137 1076 ct
1153 1020 1316 1078 Menelaum
1335 1040 1388 1098 pro
1400 1034 1479 1080 certo
1491 1021 1597 1082 habeas

849 1101 969 1162 sortasse
989 1107 1196 1183 Neoptolemus
1216 1107 1381 1185 adluit,qui
1400 1111 1526 1168 omnium
1546 1129 1606 1170 mat-⁴

849 1191 925 1250 xime
942 1192 1083 1271 virginem
1097 1193 1298 1254 immolandam
1319 1198 1482 1275 postulavit.
1500 1198 1611 1273 Quibus

851 1298 1012 1357 praeconem
1035 1280 1142 1340 addere
1160 1283 1236 1341 licet.
1259 1285 1388 1362 Reliquae
1410 1286 1524 1344 incerte
1544 1301 1611 1346 sunt

850 1387 980 1445 personae
1007 1389 1101 1447 neque
1128 1371 1285 1451 quidquam
1312 1373 1348 1431 de
1377 1374 1439 1452 ipsa
1465 1373 1610 1452 Polyxena

851 1470 1029 1535 compertum
1043 1455 1193 1519 habemus.
1204 1463 1309 1522 Omnia
1324 1474 1388 1521 acta
1399 1463 1429 1521 in
1445 1464 1530 1540 Sigeo
1544 1480 1610 1542 pro-

851 1546 995 1604 montorio
1008 1546 1177 1607 crediderim
1190 1569 1227 1607 ex
1242 1552 1287 1626 iis,
1304 1571 1366 1628 quae
1379 1571 1466 1630 snpra
1480 1571 1516 1610 ex
1529 1553 1609 1612 Lon-

850 1633 1085 1710 ginocitavimns.
1264 1693 1266 1702 ,
1439 1687 1443 1696 ,

890 1727 961 1796 Quae
994 1723 1180 1801 exposuimus
1208 1725 1232 1784 si
1260 1727 1297 1786 ad
1323 1747 1424 1786 verum
1456 1727 1610 1801 accedunt,

851 1812 1012 1888 fragmenta
1028 1811 1110 1872 facile
1130 1807 1268 1892 explicari
1285 1828 1416 1893 possunt.
1431 1821 1499 1874 Post
1514 1817 1611 1894 prolo-

851 1919 918 1977 gum
934 1899 1040 1958 ehorus
1051 1900 1229 1962 Achivorum
1239 1903 1420 1963 introductus
1433 1917 1478 1963 est
1489 1917 1566 1963 totus
1582 1905 1611 1962 in

851 1987 946 2046 reditu
966 2001 1132 2066 occupatus.
1152 1992 1228 2049 Huic
1251 2011 1287 2050 ex
1306 1991 1426 2050 incertis
1448 1991 1612 2070 fragmentis

852 2073 941 2132 tribui
974 2087 1070 2154 potest
1092 2076 1173 2154 quod
1193 2090 1237 2135 est
1255 2077 1333 2155 apud
1355 2079 1443 2137 schol.
1464 2078 1611 2156 Aristoplr.

851 2162 930 2224 Nub.
942 2184 970 2223 ν.
984 2167 1057 2224 1162
1069 2177 1098 2223 et
1114 2165 1193 2224 Suid.
1204 2185 1230 2224 ν.
1243 2165 1375 2233 Λυσανίας
1388 2187 1395 2223 ε
1412 2165 1544 2233 Λυσανίας
1557 2190 1609 2225 πα-

851 2249 941 2332 τρῴων
958 2243 1079 2332 μεγάλων
1093 2255 1199 2312 κακῶν·
1214 2253 1282 2312 λιίων
1303 2253 1350 2322 τὰς
1362 2258 1409 2314 τοῦ
1422 2253 1519 2335 πατρὸς
1540 2253 1612 2321 ἀνίας

893 2339 946 2400 Τὸν
959 2339 1096 2423 Σοφοκλέα
1109 2341 1262 2423 μυκτηρίζει
1273 2341 1399 2422 λίγοντα·

850 2511 934 2593 [18³]
961 2512 1033 2591 Ζεὺς
1045 2513 1152 2582 νόστον
1170 2511 1240 2610 ἄγοι
1255 2515 1306 2584 τὸν
1322 2514 1489 2612 νικομοίχαν

962 2626 1012 2694 καὶ
1025 2626 1192 2696 ταυοανίαν
1208 2629 1260 2696 τὸν
1279 2617 1444 2722 Areatas.

853 2803 996 2864 scribitur
1011 2803 1057 2864 καί
1073 2803 1208 2888 Ἀτρειδῶν
1222 2808 1268 2866 vel
1280 2805 1421 2888 Ἄτρείδαν.
1433 2811 1613 2869 Hermannns

852 2893 986 2952 correxit.
997 2892 1140 2972 Bentlejus
1152 2894 1212 2954 κατ’
1224 2893 1371 2978 Ἀτρειδῶν.
1382 2901 1457 2956 'sum
1469 2899 1612 2957 Menelaus

852 2981 1042 3042 intervenisse
1051 2983 1186 3057 videtur,
1199 2996 1232 3042 ut
1247 2990 1493 3062 Agamemnonem
1513 2986 1550 3044 ad
1570 3005 1610 3044 re

853 3067 946 3128 ditum
959 3085 1148 3148 permoveret.
1160 3071 1232 3131 Inde
1245 3087 1310 3132 orta
1322 3074 1398 3132 inter
1418 3075 1498 3152 ipsos
1511 3073 1612 3152 dispu-

855 3158 937 3232 tatio,
957 3157 1039 3236 cujus
1064 3161 1195 3220 meminit
1217 3163 1370 3221 Homerus.
1388 3167 1454 3222 Huc
1466 3162 1613 3221 reserenda

852 3259 919 3306 sunt
933 3266 971 3305 ex
981 3248 1099 3307 incertis
1114 3248 1281 3327 fragmentis
1299 3250 1377 3328 apud
1399 3251 1472 3310 Plut.
1488 3256 1565 3308 Mor.
1586 3270 1612 3327 p.

853 3335 923 3410 985,
941 3341 962 3398 C
975 3356 983 3394 a
994 3334 1075 3398 ’Atta
1088 3340 1153 3416 ἡμῖν
1166 3360 1197 3415 γε
1206 3335 1289 3400 πάλαι
1301 3337 1331 3397 τὸ
1344 3343 1389 3397 τοῦ
1400 3337 1563 3420 Σοφοκλέους
1577 3337 1612 3395 δε·

853 3421 978 3502 δογμένον
996 3422 1084 3482 ἐστίν·

959 3579 1040 3660 [184]
1092 3573 1137 3646 Εὖ
1149 3574 1206 3670 γὰρ
1223 3573 1275 3644 καὶ
1292 3569 1481 3668 διχοστατῶν
1498 3578 1589 3670 λόγος

943 3693 1097 3786 σύγκολλα
1113 3691 1244 3785 τάμφοῖν
1262 3695 1290 3770 ἐς
1306 3692 1396 3782 μέσον
1412 3689 1624 3758 τεκταίνεται.’

852 3857 888 3912 Et
901 3852 979 3932 apud
993 3852 1117 3914 eundem
1130 3852 1316 3912 Plutarchum
1327 3872 1356 3931 p.
1369 3851 1437 3924 854,
1451 3855 1474 3911 F
1488 3873 1495 3909 ε
1513 3850 1594 3911 'Atat

852 4021 935 4102 [185]
960 4019 1058 4086 Δεινλν
1076 4017 1112 4086 τὸ
1125 4023 1180 4097 τᾶς
1197 4013 1322 4095 Πειθοῦς
1339 4015 1513 4110 πρόσωπον.

853 4193 921 4250 Haec
936 4189 1033 4268 potius
1047 4187 1140 4246 choro
1154 4185 1316 4246 tribuerim.
1330 4190 1403 4246 Sunt
1415 4199 1510 4244 tannen
1520 4185 1616 4244 omnia

852 4279 971 4338 incerta.
991 4276 1104 4338 Ceitins
1123 4289 1167 4335 est
1187 4272 1379 4355 'fragmentum
1402 4273 1478 4352 apud
1499 4272 1616 4333 Strabo-

852 4387 919 4426 nem
936 4371 982 4440 X,
998 4387 1028 4445 p.
1044 4385 1098 4440 7²1
1112 4363 1251 4446 (470):‘0
1261 4367 1284 4424 δ’
1296 4355 1340 4425 οὖν
1355 4364 1492 4446 Σοφοκλῆς
1504 4361 1616 4433 ποιήσας

852 4455 897 4516 τὸν
918 4454 1054 4516 Μενέλαον
1074 4456 1104 4514 ίκ
1119 4458 1166 4528 τῆς
1177 4453 1275 4538 Τροίας
1297 4452 1416 4536 ἀπαίρειν
1429 4449 1573 4510 σπεύδοντα
1586 4449 1614 4506 ἔν

853 4547 886 4625 τῇ
896 4541 1041 4626 Πολυξίνῃ,
1051 4541 1094 4604 aha
1105 4543 1127 4602 δ’
1134 4542 1316 4622 Ἀγαμίμνονα
1326 4539 1418 4622 μικρὸν
1429 4537 1613 4618 ὑπολειφθῆναι

855 4631 1013 4712 βουλόμενον
1025 4636 1072 4692 τοῦ
1086 4629 1255 4702 ἐξιλάσασθαι
1270 4629 1318 4700 τὴν
1333 4629 1441 4702 Ἀθηνᾶν
1454 4627 1544 4708 χάριν,
1563 4625 1614 4684 alu·

855 4721 912 4800 ἄγει
923 4719 1033 4801 λέγοντα
1042 4719 1087 4780 τὸν
1101 4719 1251 4782 Μενελαυν’

923 4939 1004 5000 tauta
1015 4939 1175 4999 concilietur
1188 4935 1278 4994 media
1292 4936 1315 4994 si
1327 4935 1431 5010 placeat
1442 4948 1497 4992 vra.

1203 5087 1263 5140 185.

1028 5227 1126 5292 Gravis
1138 5227 1264 5290 suadeta
1278 5226 1373 5287 lactes.
