3650 5798
606 385 816 450 soenocns
836 365 1085 448 raiounrua.

43 533 108 592 τοῖς
121 519 223 592 liuhais
237 521 282 580 καί
299 518 371 602 παρὰ
390 519 520 602 Σοφοκλεῖ
534 517 561 576 ἐν
577 517 616 597 τῷ
635 515 728 578 Οἰκλεῖ
742 513 818 595 [cod.

42 617 121 678 Ἰοκλ
128 616 163 697 εἰ]
174 613 293 692 λέγοντι·

160 752 245 834 [307]
262 736 348 816 AIA&
363 745 414 814 καὶ
429 751 595 839 λινορραφῆ

254 867 370 930 τυλεῒα.

42 1001 136 1060 Idem
148 998 251 1058 Pollux
265 1002 336 1068 VII,
353 1014 407 1071 ¹9²
421 1017 429 1052 ι
445 994 581 1074 Σοφοκλῆς
596 991 619 1050 δ’
638 989 688 1072 ίφη
708 1015 721 1044 ι
738 990 823 1072 λινορ-

45 1088 132 1172 ραφίς
153 1083 266 1145 τυλία.»
291 1083 386 1142 Verba
407 1082 442 1140 ad
465 1081 661 1160 expiationem
687 1079 820 1139 relerom.

44 1176 214 1240 Oracnlum
233 1186 286 1246 est,
302 1186 333 1232 ut
349 1185 473 1230 metrum
486 1171 581 1244 docet,
604 1169 680 1248 apud
698 1167 822 1246 Etymol.

44 1273 95 1327 Μ.
106 1287 135 1346 p.
150 1283 216 1336 ουρ,
238 1283 271 1335 ¹7
285 1283 292 1318 ε
307 1259 430 1335 Βουθοίη,
450 1259 525 1324 πόλις
545 1262 592 1330 τῆς
605 1255 754 1338 Ἰλλυρίδος.
769 1258 824 1316 Σο·

47 1357 157 1438 posiliit
169 1352 262 1411 Οἰκλεῖ
275 1345 349 1434 [cod.
364 1347 553 1427 Ὀνομακλεῖ]·

47 1491 142 1582 [308]
156 1485 281 1560 Βουίίοίη
300 1483 447 1578 Δρίλωνος
461 1484 510 1553 ἐπὶ
524 1491 688 1579 προχοῇσιν
702 1480 822 1555 ἐνόσθη.

47 1617 107 1672 Est
122 1627 216 1673 tamen
228 1616 371 1673 incertum
383 1626 482 1673 utrum
502 1613 651 1671 oraculum
673 1611 719 1684 sit,
735 1611 823 1689 'qnod

48 1703 185 1768 evenerit
201 1703 276 1762 Oicli
291 1722 324 1762 ea
339 1702 375 1761 dc
393 1721 422 1760 re
434 1701 597 1762 consulenti
609 1721 646 1760 an
658 1701 825 1760 Alcmaeoni.

49 1791 113 1849 Via
125 1789 309 1863 describitur,
323 1809 380 1869 qua
395 1810 432 1850 ex
454 1789 573 1849 oraculo
596 1790 628 1848 in
644 1807 711 1848 eum
729 1789 824 1847 locum

49 1878 216 1955 perveniat,
227 1878 279 1937 ubi
298 1897 315 1937 a
335 1877 424 1951 caede,
444 1897 531 1957 quam
549 1877 735 1949 commiserit,
751 1877 825 1956 piari

48 1966 162 2042 possit.
175 1967 219 2027 Ad
236 1966 383 2028 oraculum
396 1965 522 2046 pertinet
536 1967 726 2045 fragmentum
746 1965 823 2043 apud

48 2053 156 2112 Schol.
172 2056 262 2133 Soph.
278 2055 354 2115 OEd.
376 2056 439 2114 Col.
455 2057 530 2131 793:
545 2055 629 2134 [309]
645 2057 725 2114 Δοκεῖ
738 2050 789 2133 γίιρ
811 2055 825 2112 ὁ

51 2140 196 2200 Ἀπόλλων
209 2138 284 2221 παρὰ
305 2140 366 2206 Διδς
387 2142 533 2216 λαμόόνειν
559 2139 616 2209 solt<
635 2139 770 2224 χρησμοίις
791 2143 826 2207 ὡς

51 2229 105 2287 καί
122 2232 149 2288 έν
166 2231 259 2288 Οἰκλιῖ
271 2229 365 2307 (codd.
377 2229 517 2314 ’ἰφικλείφ)
531 2230 603 2312 φησί.
616 2231 750 2308 Denique
769 2230 826 2288 fra-

54 2331 210 2396 gmentum
234 2331 354 2396 estque
377 2320 470 2378 Oicles
492 2320 682 2386 Alcmeonem
706 2319 826 2377 dimittit

54 2405 143 2483 apud
159 2405 307 2484 Aristoph.
320 2407 418 2485 Equit.
429 2407 488 2486 496
501 2431 508 2466 ε

53 2541 146 2622 [ato]
164 2527 238 2607 Ahh'
253 2538 293 2608 ἴθι
309 2540 421 2635 χαίρων
437 2541 488 2610 καὶ
502 2533 655 2636 πράξειας.
726 2607 730 2615 .

165 2659 248 2731 κατοί
258 2673 326 2732 νοῦν
341 2667 395 2734 τδν
409 2667 492 2760 ἰμόν.

55 2823 68 2850 a
82 2798 182 2858 Schol.
191 2797 272 2882 Παρίι
283 2799 313 2861 tlt
328 2800 486 2885 Σοφόκλειον
501 2801 527 2872 ἐξ
540 2802 676 2869 Οἰκλέους.
690 2803 762 2866 Cod.
772 2809 827 2864 Ve-

57 2899 148 2946 netus
183 2887 311 2958 Ἰοκλέους
341 2893 413 2951 vitio
442 2893 572 2953 solemni.
603 2889 703 2953 Ἰολάου
736 2893 826 2952 Itu.»

55 2978 147 3033 Εἶναί.

410 3087 521 3103 -Φ

366 3193 521 3255 OENEUS.

107 3343 119 3366 ·
131 3319 213 3376 IIanc
228 3317 354 3377 fabulam
377 3320 407 3378 in
427 3320 540 3380 duobus
565 3321 702 3398 Hesychii
722 3322 826 3383 locisa

59 3409 187 3464 Musuro
213 3405 377 3483 depravatis
405 3427 559 3486 agnoscere
597 3410 763 3469 videmur.»
794 3415 825 3470 G.

59 3491 193 3564 Dindorfi
212 3493 334 3553 Videtur
347 3493 452 3568 sabula,
467 3517 529 3574 quae
552 3496 588 3556 de
605 3502 707 3558 OEneo
726 3519 828 3558 narra-

60 3581 162 3655 batur,
174 3601 328 3660 progressu
341 3586 477 3663 temporis
497 3584 578 3644 valde
594 3587 745 3647 immutata
766 3607 828 3647 csse

58 3691 77 3729 a
93 3671 198 3748 poetis.
210 3675 296 3730 Hom.
309 3672 389 3734 Iliad.
403 3677 440 3751 Ξ,
458 3675 610 3748 115-117
624 3699 631 3733 :

124 3804 221 3883 Πορθεῖ
231 3800 281 3884 γδρ
295 3812 363 3885 τρεῖς
372 3805 462 3872 παῖδες
477 3806 608 3884 ἀμύμονες
621 3805 776 3885 ἐξεγένοντο,

123 3887 203 3972 ᾤκεον
216 3892 239 3948 δ’
253 3894 279 3950 ἐν
295 3893 434 3973 Πλευρῶνι
447 3892 492 3952 καί
508 3895 612 3974 αἰπεινῇ
628 3896 769 3955 Καλυδῶνι

122 3976 225 4059 Ἄγριος
233 3977 281 4051 [δί
292 3977 396 4056 Μέλας,
407 3979 526 4063 τρίτατος
538 3982 561 4042 δ’
569 3975 602 4058 ἦν
612 3982 712 4046 ἱππότα
724 3984 827 4053 Οἰνεύς.

58 4123 220 4201 Copiosius
231 4125 384 4184 scholiasta
396 4125 458 4184 haec
475 4127 599 4205 explicat
615 4147 650 4187 ex
662 4128 827 4206 Pherecyde

58 4234 89 4273 v.
112 4231 165 4269 tao
177 4233 184 4268 t
197 4209 297 4278 Τυδείις
311 4215 326 4271 δ
342 4211 443 4282 Οἰνέως
458 4215 576 4282 Αίτωλδς
593 4213 640 4294 μέν
654 4206 687 4288 ἦν
704 4213 734 4275 τδ
747 4215 827 4295 γένος,

57 4297 242 4378 ἀνδρειότατος
266 4297 294 4359 δὲ
312 4302 364 4359 τῶν
386 4300 445 4362 καθ’
465 4301 542 4362 αότδν
564 4301 701 4382 γενόμενος
720 4301 759 4362 ἔτι
772 4304 828 4373 νέος

56 4385 98 4444 ὢν
114 4385 239 4446 ἐθεάσατο
250 4385 294 4446 τόν
305 4386 408 4470 πατέρα
423 4388 466 4448 διδι
483 4392 565 4471 γῆρας
585 4390 635 4451 ὑπὸ
651 4393 703 4450 τῶν
724 4390 826 4474 Ἀγρίου

56 4473 162 4532 παίδων
183 4478 230 4546 τῆς
253 4474 385 4555 βασιλείας
406 4476 609 4557 ἐκόαλλόμενον·
621 4477 712 4562 διόπερ
726 4482 827 4560 ἀναιρεῖ

56 4559 120 4628 τούς
134 4584 164 4620 τε
175 4561 303 4644 ,ἀνεψιοὺς
319 4563 364 4624 καί
380 4561 426 4624 cliv
453 4567 540 4635 αὐτοῖς
562 4566 690 4636 ἀκουσίως
708 4567 752 4628 τόν
768 4571 825 4628 ἀνε-

874 515 952 574 αὖτοῦ
973 515 1016 575 καί
1039 513 1171 596 λαμόόνει
1194 519 1273 578 αὐτοῦ
1298 518 1427 600 θυγατέρα
1450 519 1590 596 Διιπόλην.
1606 525 1640 584 ‘tl

875 601 977 686 ἱστορία
990 602 1063 685 παρὰ
1078 605 1231 687 Φερεκύδει.
1251 607 1374 666 Diodor.
1389 613 1440 681 IV,
1459 610 1495 668 65
1512 609 1599 677 ιίίαδῗ
1614 611 1641 670 δν

876 689 908 763 δὴ
921 689 1015 774 χρόνον
1026 691 1090 773 φασὶ
1102 693 1192 754 Τυδέα
1208 694 1251 755 τδν
1270 695 1368 762 Οἰνέως
1384 697 1409 754 έν
1424 699 1565 758 Καλυδῶνι
1585 698 1642 765 τοὺς

875 779 994 864 ἀνεψιοὺς
1005 781 1129 843 ἀνελόντα
1141 781 1279 844 Ἀλκάθουν
1294 783 1340 843 καί
1356 783 1489 845 Λυκωπέα
1508 795 1597 869 φυγεῖν
1613 788 1642 846 έκ
1765 822 1768 830 ·

871 872 922 941 τῆς
938 869 1069 936 Αἰτωλίας
1090 873 1126 937 εἰς
1153 871 1256 954 Ἄργος.
1275 875 1450 932 Posteriores
1472 875 1643 935 Diomedem

876 959 972 1019 OEnei
983 959 1107 1018 ultorem
1124 961 1243 1034 iaciunt,
1257 967 1380 1020 Pausan.
1392 967 1431 1036 II,
1444 965 1492 1037 ab,
1505 984 1534 1038 o,
1547 965 1642 1044 Apol-

877 1049 935 1108 lod.
951 1053 975 1123 I,
996 1050 1024 1124 8,
1039 1053 1066 1126 6,
1086 1052 1195 1112 Anton.
1209 1052 1273 1112 Lib.
1292 1053 1362 1114 Feb.
1376 1057 1530 1128 XXXVII,
1550 1055 1642 1115 schol.

877 1138 912 1197 ad
927 1139 1075 1218 Aristoph.
1096 1141 1223 1200 Acharn.
1239 1143 1428 1222 417.Ephor.
1446 1143 1525 1222 apud
1546 1143 1642 1203 Strab.

880 1247 909 1304 p.
935 1247 1004 1304 φορ,
1027 1235 1062 1302 A,
1079 1233 1121 1287 B:
1138 1226 1253 1312 Ἔφορος
1268 1228 1331 1289 δὀὔ
1352 1253 1416 1312 φησι
1441 1236 1641 1312 συστρατεῦσαι.

878 1313 1045 1392 Ἀλκμαίωνα
1079 1314 1130 1398 γδιρ
1150 1315 1194 1376 τόν
1230 1315 1379 1400 Ἀμφιάρεω
1413 1318 1643 1400 συστρατεύσαντα

877 1401 945 1478 μετδι
965 1403 1111 1480 Διομήδους
1124 1403 1170 1464 καί
1186 1407 1238 1464 τῶν
1255 1404 1340 1464 ἄλλων
1358 1403 1506 1485 Ἐπιγόνων
1528 1408 1574 1466 καί
1593 1431 1643 1467 κα-

876 1488 1043 1571 τορδόισαντα
1063 1491 1108 1552 τόν
1129 1493 1193 1574 πρὸς
1213 1493 1349 1566 Θηόαίους
1368 1493 1484 1572 πόλεμον
1510 1496 1643 1554 συνελθεῖν

877 1579 1004 1656 Διομήδει
1027 1580 1073 1640 καί
1094 1580 1297 1664 τιμωρήσασθαι
1320 1579 1379 1650 τοὺς
1400 1581 1500 1649 Οἰνέως
1524 1581 1641 1663 έχδροός.

878 1669 997 1727 Brevius
1025 1669 1100 1729 idem
1121 1670 1214 1730 Strab.
1235 1693 1265 1750 p.
1286 1671 1352 1746 501,
1369 1676 1399 1732 C.
1420 1672 1552 1750 Hyginus
1573 1669 1644 1730 Fab.

882 1759 936 1832 175
951 1760 1076 1839 :Agrius
1094 1762 1267 1822 Porthaonis
1279 1763 1355 1822 fitius
1369 1776 1401 1821 ut
1419 1763 1491 1821 vidit
1511 1765 1644 1823 OEncum

882 1846 1000 1906 fratrem
1025 1848 1131 1908 orbum
1151 1849 1251 1909 liberis
1274 1851 1381 1910 sactum
1401 1865 1531 1928 egentem
1555 1869 1645 1928 regno

882 1936 996 2015 expulit
1019 1949 1105 2014 atquc
1134 1936 1196 2016 ipse
1221 1959 1341 2017 regnum
1365 1938 1501 2017 possedit.
1525 1938 1644 1997 Interim

878 2023 1035 2083 Diomedes
1050 2025 1143 2102 Tydei
1160 2027 1235 2086 filius
1250 2041 1279 2086 et
1294 2027 1443 2107 Deiphiles
1457 2027 1511 2085 Ilio
1530 2025 1645 2086 devicto

880 2124 912 2169 ut
928 2111 1040 2170 audivit
1061 2135 1146 2173 avum
1161 2135 1245 2173 suurn
1258 2135 1348 2194 regno
1367 2117 1492 2194 pulsum,
1513 2127 1645 2192 pervenit

879 2199 909 2258 in
923 2201 1059 2259 AEtoliam
1075 2223 1140 2261 cum
1155 2203 1294 2264 Sthenelo
1305 2195 1430 2281 Capanei
1442 2203 1502 2260 filio
1516 2213 1544 2260 et
1558 2203 1645 2259 armis

880 2289 1028 2347 contendit
1039 2311 1103 2349 curn
1117 2297 1221 2370 Opopa
1237 2291 1320 2371 Agrii
1332 2292 1400 2350 lilio.
1414 2293 1480 2362 Quo
1492 2289 1646 2348 interfecto

880 2379 998 2455 Agrium
1010 2392 1141 2456 egentem
1157 2400 1173 2439 e
1193 2400 1284 2460 regno
1303 2380 1416 2460 expulit
1432 2364 1518 2457 alque
1543 2382 1646 2439 OEneo

880 2483 935 2520 nvo
947 2483 1000 2521 suo
1013 2483 1131 2542 regnum
1145 2467 1279 2539 restituit,
1294 2477 1420 2544 postque
1437 2466 1542 2544 Agrius
1556 2483 1646 2543 reguo

880 2550 1017 2628 expulsus
1031 2552 1094 2630 ipse
1108 2573 1138 2612 se
1150 2554 1303 2634 interfecit.
1319 2553 1361 2614 Cl.
1375 2552 1447 2614 δἐἰ).
1466 2561 1533 2621 τεο.

918 2640 1077 2716 Tragoediae
1097 2642 1265 2720 Sophoclcae
1285 2661 1384 2721 paucae
1414 2661 1502 2700 voces
1526 2651 1646 2698 servatae

880 2739 949 2785 sunt
959 2726 1042 2787 valde
1053 2727 1183 2788 obscurae
1192 2749 1291 2807 eaeque
1300 2729 1397 2808 petitae
1408 2748 1443 2787 ex
1457 2725 1562 2786 duobis
1575 2727 1646 2784 locis

881 2815 1019 2892 Hesychii
1031 2837 1089 2876 non
1107 2817 1200 2874 minus
1214 2807 1359 2887 obscuris,
1379 2826 1412 2873 ut
1424 2814 1496 2872 nihil
1519 2813 1590 2871 certi
1609 2811 1645 2870 de

881 2902 1034 2980 Sophoclis
1048 2903 1146 2963 fabula
1159 2905 1217 2970 dici
1232 2905 1332 2984 possit.
1347 2903 1467 2962 Videtur
1482 2915 1576 2960 tamen
1596 2899 1646 2959 ille

881 2990 980 3048 eadem
997 2993 1055 3050 lere
1068 2993 1235 3070 exposuisse
1247 3013 1312 3070 quae
1322 2991 1477 3071 Euripides
1490 2987 1646 3068 tragoedia,

835 3113 838 3118 2
882 3099 943 3157 que
957 3082 1075 3139 OEneus
1095 3081 1236 3160 inscripta
1256 3083 1317 3140 luit.
1337 3085 1387 3144 Est
1404 3091 1500 3140 nutem
1515 3083 1645 3152 OEneus,

813 3219 815 3226 ,
882 3167 932 3244 qui
953 3168 1031 3245 apud
1045 3173 1203 3228 Homerum
1228 3170 1314 3228 arinis
1337 3169 1462 3240 excellit,
1488 3187 1547 3225 non
1569 3167 1646 3225 idem

882 3257 959 3332 apud
975 3257 1106 3335 tragicos,
1122 3259 1252 3336 quicum
1270 3249 1494 3330 lamentandum,
1514 3255 1646 3328 debilem,

883 3339 1038 3417 desertum,
1051 3365 1140 3423 regno
1158 3345 1319 3425 expulsum,
1334 3347 1530 3422 auxiliumque
1545 3363 1560 3401 a
1582 3343 1646 3401 filiis

882 3431 940 3488 suis
958 3446 1169 3510 exspectantem
1192 3435 1332 3492 lecerunt.
1349 3435 1561 3511 Argumentum
1584 3443 1645 3489 tra-

882 3516 982 3594 goediae
1005 3520 1216 3580 restitutionem
1238 3522 1268 3580 in
1283 3539 1372 3600 regno
1387 3519 1551 3596 caedemque
1570 3519 1647 3577 lilio-

882 3629 945 3667 rum
968 3611 1050 3688 Agrii
1070 3613 1247 3672 continuisse
1264 3612 1389 3671 videtur.
1412 3615 1456 3671 Ex
1479 3609 1646 3686 fragmentis

881 3696 1002 3776 intelligi
1016 3719 1075 3758 non
1086 3713 1192 3778 potest,
1206 3713 1303 3760 utrum
1317 3695 1444 3778 Tydeus,
1457 3710 1488 3757 ut
1502 3697 1647 3774 antiquio-

881 3805 928 3844 res
954 3797 1047 3863 poetae
1077 3789 1218 3868 referunt,
1247 3809 1283 3846 an
1308 3787 1478 3858 Diomedes,
1501 3797 1534 3842 ut
1568 3783 1647 3862 apud

883 3874 1057 3948 posteriores
1081 3888 1138 3950 est,
1159 3879 1292 3950 OEneum
1318 3874 1485 3933 restituerit.
1503 3875 1579 3931 Sunt
1598 3870 1647 3928 Illa

875 3958 961 4017 haec:
975 3961 1101 4038 Hesych.
1115 3963 1163 4041 [at
1171 3963 1198 4042 1]
1211 3963 1346 4038 ἐιᾶλυτον,
1359 3987 1372 4018 υ
1390 3961 1564 4035 murmurii,
1584 3961 1649 4018 ἆκα·

880 4045 1048 4125 streame,
1070 4051 1208 4132 Σοφοκλῆς
1236 4051 1307 4113 ’luti
1332 4056 1415 4113 Corr.
1437 4052 1521 4110 Οἰνεῖ.
1546 4049 1646 4109 Idem:

1069 4166 1072 4174 .
1187 4147 1210 4180 ιι
1228 4147 1247 4181 ει

882 4187 1015 4269 Χερσεόει.
1034 4191 1172 4272 Σοφοκλῆς
1186 4193 1253 4252 ἰονι·
1267 4191 1419 4272 «Κτίμενος
1438 4189 1486 4270 μὲν
1502 4189 1647 4270 βουστόδας

880 4275 922 4334 ἐπί
936 4275 1032 4358 χέρσου
1044 4305 1067 4348 ι,
1081 4277 1098 4352 ἢ
1112 4277 1164 4339 ἀπδ
1176 4283 1272 4360 χειρῶν
1293 4282 1363 4361 ἔχει,
1374 4277 1393 4353 ἢ
1404 4279 1486 4347 οὕτως
1497 4275 1647 4357 ἐμόατεόει.

881 4366 1050 4424 Correctum
1065 4378 1108 4426 εει
1120 4389 1127 4425 ι

880 4505 963 4590 [³¹²]
996 4501 1173 4589 Βουστοίδος
1190 4514 1284 4589 αιἰλῆς
1300 4511 1352 4578 έπι
1364 4509 1507 4601 χερσεόει.

56 4647 120 4727 [ιιόν
133 4648 254 4730 [ἀδελφόν
264 4651 321 4729 D).
335 4647 434 4732 Φυγὼν
447 4649 475 4712 δέ
487 4655 523 4720 εἷς
536 4651 628 4736 Ἄργος
648 4655 713 4737 πρδς
733 4651 825 4740 Ἄδρα-
879 4660 1060 4722 Probabilius
1081 4665 1212 4724 lacunam
1226 4665 1325 4724 statuit
1335 4663 1501 4722 Dindorlius
1516 4674 1581 4740 post
1589 4665 1646 4742 βου·

58 4757 122 4795 στον
136 4737 246 4817 βασιλέα
259 4741 305 4812 τῆς
319 4738 409 4823 χώρας
420 4741 569 4825 καθαρσίων
582 4765 610 4802 τε
621 4744 746 4825 τυγχάνει
761 4744 826 4828 πρδς
878 4747 975 4818 στάδας
988 4765 1019 4810 et
1035 4749 1079 4810 ἐπὶ
1092 4753 1187 4833 χέρσου
1203 4751 1304 4810 tribuit
1317 4750 1471 4827 Hesychio.

62 4855 1374 4884 --·——--—----..-.....................

239 4979 277 5032 At
291 4977 373 5034 etiarn
384 4914 475 5036 Ιίιίιθείί
480 4985 597 5036 consuta

238 5054 360 5113 culcitra.

115 5192 230 5251 Iluthoea
244 5195 281 5252 ad
294 5133 532 5258 DrilonIdhihum
547 5195 762 5259 iubebitabatur.

1232 4922 1294 4972 tto.

986 4999 1023 5050 At
1038 4993 1082 5076 abi
1096 4995 1188 5077 salvus
1202 5003 1230 5051 ct
1243 4995 1331 5078 utaris
1342 4993 1451 5052 fortuna

987 5079 1019 5120 ox
1034 5079 1117 5120 animi
1132 5080 1186 5121 met
1199 5073 1343 5192 sergtpptra

952 5205 987 5261 In
998 5203 1061 5262 aula
1073 5204 1156 5263 houm
1169 5205 1198 5261 ln
1212 5204 1350 5264 desertum
1364 5205 1544 5327 convertitpg.

1580 402 1637 458 tot
1703 409 1713 430 ⁸
