3656 5798
581 391 758 456 Atsctstnt
779 396 1027 462 FRAGMENTA.
1546 425 1603 483 att

40 534 93 594 dant
107 531 183 592 dut.
206 531 267 591 Diu
284 527 388 592 restitit
403 540 486 607 pater
505 527 655 608 noluitque
669 529 791 610 expedi·
835 550 899 590 rere
912 533 1027 592 videtur
1043 535 1163 595 chorum
1191 537 1308 598 alterius
1339 543 1486 621 eagoediae
1509 547 1597 610 thala·

40 624 131 684 donem
139 640 204 680 curu
212 620 376 680 calamitate
384 637 436 677 sua
443 616 632 698 conjungerc;
643 633 790 699 postremo
835 641 977 702 mopoeos‚
992 627 1083 685 tertiae
1096 627 1260 687 sacerdotes
1277 630 1377 690 Dianae
1388 635 1518 696 Tauricae
1532 659 1603 698 con-

39 712 109 772 cessit
121 710 268 770 communi
287 714 454 768 Graecorum
474 709 627 767 consensui
651 729 791 788 suamque
835 713 967 772 stituisse.

37 801 251 861 incolumitatem
269 798 352 858 saluti
369 797 545 875 reliquorum
562 797 791 876 posthabendam
1173 815 1283 834 '‘¹’-

38 905 104 950 ratus
114 891 199 949 filiam
212 888 313 962 domo,
325 898 358 946 ut
367 887 574 961 immolaretur,
588 887 790 947 accersendam
946 879 954 890 '
1115 903 1322 967 lpfflfflgqqqq¹

37 979 235 1039 essedecrevit.
257 983 294 1036 At
306 997 364 1036 non
378 976 538 1078 facileesse
551 975 707 1079 videbatur
717 997 789 1078 per·
875 1017 942 1076 Duo
968 1031 1077 1078 tantum
1101 1019 1247 1098 mgoediae
1268 1021 1425 1100 fragmenta
1448 1045 1481 1084 su
1521 1041 1603 1086 mum

37 1069 143 1129 suadere
156 1068 377 1145 clytemnestra
388 1078 487 1140 matri,
500 1077 533 1124 ut
546 1077 673 1124 mitteret
690 1067 789 1126 filiam.
834 1126 924 1184 eaque
944 1107 1029 1166 vade
1052 1107 1187 1168 obscura.
1210 1111 1337 1171 Alterum
1362 1045 1603 1196 reperitulss‘apud

37 1164 123 1236 ltaque
136 1158 204 1260 quia
220 1169 285 1216 astu
307 1154 550 1258 callidissimisque
567 1155 694 1215 artificiis
717 1176 791 1235 opus
834 1196 1021 1256 scholiam
1037 1198 1188 1278 Sophoclis
1199 1201 1277 1277 ψει
1290 1223 1381 1274 mn
1405 1225 1491 1282 quem
1502 1206 1603 1266 suidas

37 1261 101 1320 erat,
117 1249 215 1307 Ulixes
230 1251 326 1325 Argos
343 1258 482 1324 mittitur,
502 1265 551 1324 qur
570 1247 790 1322 clytemnestras
836 1285 842 1298 .
1383 1249 1392 1278 ’
1575 1277 1578 1282 ,

37 1338 161 1396 indicaret
180 1336 365 1416 spargentem
383 1334 471 1394 fitam
490 1333 595 1393 setim
613 1354 629 1392 a
645 1346 727 1412 patre
741 1334 791 1391 ae-
834 1305 868 1432 {¹}
886 1285 1036 1442 ξζὸᾶζῗταζ
1062 1302 1216 1439 ΨηΡῖἕ
1227 1311 1241 1396 ²,
1253 1289 1421 1442 ΚυδάζῗαξῇΑ
1438 1294 1602 1420 bitere·

38 1447 155 1506 sponsam
166 1445 229 1484 esse
240 1424 420 1500 mittendam,
429 1436 461 1482 ut
470 1423 628 1482 fortissimo
640 1423 704 1481 viro
714 1425 789 1482 inter
870 1399 883 1456 ρ
922 1398 966 1435 ται
981 1399 1018 1435 υπ
1044 1399 1161 1438 παντων·
1209 1403 1382 1461 '‘baim'‘
1425 1405 1501 1464 μυκῳ

37 1523 134 1574 Graecos
151 1515 286 1574 nuberet.
306 1514 400 1574 Facile
420 1525 512 1572 mater
531 1511 739 1585 inducebatur,
758 1525 790 1570 ut
874 1501 982 1582 Ἄμυκε,
997 1502 1034 1584 μὴ
1045 1503 1140 1576 κύδαζέ
1155 1529 1200 1585 μοι
1213 1505 1419 1592 τὸνπρεσόύτην
1434 1507 1555 1594 ἀδελφόν.

38 1604 208 1665 fraudulentis
224 1603 321 1664 Ulixis
333 1601 430 1662 verbis
448 1601 533 1660 fidem
552 1599 685 1672 haberet3
703 1600 788 1658 filiam
834 1625 887 1686 Kal
902 1625 1034 1709 Αἰσχύλος
1048 1629 1074 1687 ἐν
1090 1627 1236 1711 Ἰφιγενείαν

38 1715 62 1752 se
79 1695 223 1753 missuram
247 1713 310 1752 esse
334 1691 476 1772 promisit,
499 1710 618 1768 eamque
643 1691 735 1768 ipsam
760 1670 811 1748 se¹
1144 1737 1145 1740 ,
1218 1692 1224 1712 ¹

38 1783 222 1841 comitaturam
249 1780 332 1840 dixit.
353 1784 398 1839 lta
421 1779 571 1857 Iphigenia
588 1777 721 1837 Aulidem
737 1779 790 1836 ad·
808 1699 812 1835 l
833 1763 916 1843 [²²2]
937 1765 1036 1831 Οὔτοι
1052 1759 1171 1858 γυναιξὶ
1195 1757 1244 1833 dei
1264 1757 1459 1847 autefertur
1478 1769 1512 1838 τί
1526 1769 1602 1867 γᾶρς

38 1871 143 1929 ducitur.
159 1876 225 1944 Quo
241 1890 334 1948 quum
350 1868 398 1928 illa
413 1869 553 1940 venisset,
571 1868 668 1926 omnia
683 1888 716 1925 ea
733 1889 788 1946 ap-

39 1973 175 2038 parantur,
189 1979 254 2038 quae
266 1959 391 2039 speciem
403 1977 537 2016 verarum
551 1957 717 2035 nuptiarum
733 1957 787 2015 ha-

39 2049 139 2122 berent,
155 2048 298 2108 thalamus
312 2048 470 2107 exstruitur
488 2045 525 2106 ab
543 2048 591 2119 iis,
611 2045 715 2124 quibus
734 2047 789 2104 hoc

38 2137 221 2196 demandatum
244 2149 307 2196 erat
330 2137 469 2211 officium,
488 2136 558 2194 festa
573 2147 602 2194 et
620 2135 723 2213 gaudia
739 2155 790 2193 ex-

39 2239 195 2304 spectantur.
203 2232 242 2285 At
252 2227 305 2306 qui
319 2225 459 2284 thalamus
468 2224 649 2298 credebatur,
664 2245 713 2283 ara
723 2224 789 2298 fuit;

39 2329 62 2373 et
70 2336 117 2394 pro
127 2316 234 2396 nuptiis
245 2316 353 2394 virgini
366 2335 444 2374 mors
454 2314 589 2373 instabat.
599 2313 686 2385 Quod
700 2334 788 2391 quum
835 2309 917 2388 [223]
942 2299 1074 2377 Ktidtcr'
1095 2299 1220 2400 Ᾰχαιῶν
1246 2299 1370 2402 Ᾱτρέως
1390 2313 1604 2408 πολυκοίρανε,

40 2405 153 2465 sensisset
164 2424 304 2485 generosa
316 2405 421 2484 puella,
433 2424 493 2462 non
506 2403 665 2482 pertimuit,
677 2423 736 2461 non
747 2423 790 2462 re·
1286 2415 1418 2508 μάνθανέ
1436 2445 1510 2511 μου,
1528 2429 1603 2490 παῖ.

39 2497 134 2555 cuerit
148 2498 236 2576 patris
251 2496 397 2556 voluntati
408 2493 528 2554 obedire
543 2508 629 2574 atque
639 2493 711 2553 adeo
726 2495 789 2597 ipsa
835 2551 871 2612 ad
886 2571 972 2630 quem
985 2549 1158 2609 scholiastes
1168 2549 1230 2610 haec
1250 2554 1421 2613 annotavit:
1437 2553 1605 2640 Ἀρίσταρχος

40 2600 124 2663 parata
142 2588 195 2645 furt
219 2587 257 2646 ad
275 2585 438 2646 obeundam
456 2597 578 2658 sortem,
596 2604 682 2663 quam
697 2587 789 2644 Graeci
834 2641 879 2701 m,
893 2638 1076 2716 Ἀπολλώνιος,
1091 2639 1268 2724 ἐπισκέψασθε
1284 2639 1362 2702 πόθεν
1379 2643 1438 2704 Εἰσί·
1452 2649 1604 2728 Τιμαχίδας

39 2675 60 2731 ei
76 2675 260 2751 destinarant,
278 2688 313 2734 ut
331 2695 382 2734 sua
401 2687 505 2754 sponte
518 2695 548 2733 se
566 2675 593 2732 ei
607 2672 790 2733 submitteret
930 2729 987 2752 ,Ι
1130 2729 1137 2750 Ι
1213 2729 1221 2751 ,
1353 2731 1360 2756 Ι
1507 2735 1515 2756 ‚

40 2765 165 2842 mortique
175 2777 203 2825 et
215 2764 408 2824 immolationi
418 2783 480 2822 sese
491 2765 554 2842 ipsa
567 2764 645 2823 ultro
657 2763 787 2822 offerret.
833 2732 1036 2888 3³2³*ka
1051 2731 1196 2810 ‘mlum'
1217 2732 1408 2805 Ᾰσκληπῑαδης
1421 2731 1449 2792 δὲ
1465 2731 1492 2804 ἐξ
1515 2739 1603 2814 lpqs-

39 2858 73 2910 lta
84 2874 99 2911 a
112 2855 216 2914 Graecis
232 2855 411 2914 immolatur.
428 2859 468 2912 At
485 2853 580 2911 noluit
596 2852 690 2911 Diana
708 2851 786 2929 inju·
1164 2915 1273 2934 ,.....

39 2941 84 3000 rias
96 2963 111 3000 a
122 2956 200 3021 patre
212 2943 271 3002 sibi
283 2943 377 3002 illatas
391 2962 482 3020 usque
495 2961 529 3000 eo
544 2941 689 3020 persequi,
702 2953 735 2999 ut
745 2941 791 3000 in·
1052 2987 1359 3048 THALAMOPOEOE

38 3045 169 3090 nocentem
184 3031 276 3091 filiam
292 3051 346 3110 pro
359 3045 480 3091 nocente
495 3043 579 3111 patre
589 3030 715 3110 puniret.
730 3035 789 3090 Ita·
1361 3033 1368 3048 '

8 3197 9 3200 Ἴ
39 3137 84 3195 que
97 3121 146 3179 dea
162 3121 263 3180 dolum
275 3121 399 3193 invenit,
412 3141 472 3200 quo
488 3121 631 3198 virginem
649 3140 685 3179 ex
696 3119 788 3180 oculis
873 3121 1048 3200 Tragoediae,
1070 3141 1157 3200 quam
1171 3121 1323 3199 AEschylus
1337 3121 1543 3201 Θαλαμὸποιοὺς
1557 3126 1603 3186 in-

39 3211 237 3270 sacrilicantium
256 3210 396 3270 sublatam
415 3210 445 3268 in
465 3211 549 3269 aliam
566 3222 670 3268 terram
687 3229 789 3269 serva-
833 3213 958 3291 scripsit,
969 3230 1115 3290 perpauca
1124 3208 1213 3269 verba
1223 3225 1419 3287 servatasunt,
1428 3235 1491 3292 quae
1503 3237 1602 3294 quam·

40 3307 80 3364 ret,
93 3299 389 3377 Agamemnonemque
405 3298 462 3356 filia
471 3298 616 3376 privatum
628 3299 730 3357 uxoris
740 3298 787 3357 ul·
833 3322 917 3380 quam
932 3302 973 3360 rei
987 3301 1103 3380 egregie
1112 3313 1181 3378 apta
1193 3315 1277 3376 sunt,
1292 3302 1396 3362 fabulae
1411 3307 1600 3384 compositio-

40 3384 98 3444 honi
110 3389 311 3447 committeret.
328 3386 416 3464 Troja
433 3387 547 3450 intrim
565 3387 787 3461 cecidit,Graeci
809 3441 812 3462 ,
834 3413 898 3448 neni
922 3403 1050 3470 artemve
1076 3405 1169 3468 poetas
1193 3413 1251 3450 non
1274 3392 1428 3451 illustrant.
1450 3398 1602 3472 Leguntur

41 3471 61 3528 in
70 3477 180 3550 patriam
193 3468 388 3555 reverteiunt,
399 3481 576 3554 Agamemno
591 3497 679 3536 caesus
695 3477 785 3555 aCly·
808 3467 813 3573 Ι
833 3481 1063 3558 upudPollucem
1078 3481 1134 3539 hoc
1142 3481 1228 3540 modo
1239 3483 1313 3560 (Vll,
1332 3480 1477 3560 maritet
1487 3481 1600 3546 Aenios

41 3569 180 3624 tamnestra
197 3565 264 3626 fatis
279 3566 377 3640 cessit,
397 3565 613 3643 Clytaemnestra
631 3564 667 3624 ab
684 3569 788 3626 Oreste
808 3579 812 3602 ¹
833 3567 859 3630 δὲ
877 3567 921 3628 καὶ
935 3567 1131 3652 ἓκφατνώματα
1147 3569 1192 3628 καὶ
1212 3575 1285 3648 κῦμα
1304 3569 1371 3652 μέρη
1393 3569 1475 3652 ἔργων
1499 3574 1527 3632 ἐν
1549 3575 1600 3633 tt-

41 3649 176 3725 ⁰cciditur3
198 3653 248 3713 hic
264 3655 403 3733 profugus
424 3653 516 3732 patria
535 3653 700 3731 inquinatus
722 3673 786 3712 ma·
832 3659 929 3738 σχύλου
941 3660 1150 3737 estepanum·

42 3745 252 3822 ternosanguine
265 3743 362 3801 multis
377 3744 536 3822 peragratis
549 3744 631 3803 terris
640 3755 787 3822 postremo
1279 3801 1285 3819 ,
1416 3799 1427 3822 Ι
1523 3804 1533 3826 Ι

41 3825 64 3882 in
85 3833 229 3892 Tauricam
253 3831 376 3891 insulam
399 3833 542 3911 pervenit.
567 3831 612 3891 Ibi
637 3853 726 3910 quum
751 3832 787 3892 ad
884 3805 967 3884 [Μ]
988 3792 1091 3870 ‘lm
1111 3805 1164 3894 ptr
1180 3827 1226 3880 τις
1240 3797 1369 3868 Λεσςιον
1383 3826 1532 3895 φατνωμα
1547 3830 1597 3893 tt,

43 3931 104 3974 aram
116 3919 361 3981 Diaaaeauxilium
372 3935 389 3980 a
402 3919 642 4000 persequentibus
653 3940 719 3979 eum
728 3925 786 3978 Fu·
883 3914 953 4004 κῦμ’
973 3915 1002 3980 ἐν
1025 3915 1180 4004 τριγωνοῖς
1195 3909 1395 4003 irrepserint
1409 3909 1547 4002 ῥυθμοῖς,

43 4002 221 4112 ήὶὅΡθῒίῑῖῙηῙῧ
237 4009 431 4112 ωῃῆῑῧὶεεῗῑ’
445 4009 481 4068 ³1³
498 4009 649 4112 Iphigenia}
663 4008 786 4111 dem-'⁵³'
831 4053 913 4134 'ldyo
927 4051 954 4112 δὲ
970 4052 1015 4114 καὶ
1024 4055 1049 4112 οἱ
1058 4051 1231 4132 θαλαμοποιοὶ
1246 4047 1311 4120 εἶδος
1322 4051 1425 4134 τέχνης.
1438 4055 1523 4113 Varie
1536 4055 1599 4115 haec

43 4093 139 4154 oefd⁰l⁰
155 4111 290 4157 ¹¹¹V⁶¹¹t¹¹⁵
304 4110 347 4158 ⁰⁵²
359 4118 543 4177 anum‘lue
556 4110 643 4158 mm
657 4097 785 4156 ‘iesum'
831 4125 981 4204 emendata
995 4156 1092 4202 sunta
1107 4145 1176 4203 viris
1186 4143 1288 4202 doctis.
1303 4149 1435 4204 Fortasse
1446 4145 1488 4204 sic
1498 4165 1598 4206 versus

830 4233 977 4293 scribendi
988 4247 1056 4293 suut
1065 4257 1071 4293 :

808 1884 811 1983 l
834 1903 920 1982 Apud
936 1903 1054 1963 Suidam
1069 1903 1131 1963 haec
1144 1904 1232 1964 modo
1245 1907 1398 1985 leguntur:
1411 1905 1494 1968 Οὔτοι
1503 1909 1604 1988 γυναιξὶ

833 1991 980 2060 κυδάζεται.
997 1993 1128 2052 Alterum
1145 1994 1335 2072 fragmentum
1354 1998 1438 2057 valde
1463 1999 1605 2061 incertum

834 2095 885 2141 est.
909 2081 995 2160 Apud
1019 2083 1245 2162 Aristophanem
1263 2087 1291 2143 io
1306 2087 1395 2145 Ranis
1415 2108 1442 2146 v.
1461 2109 1535 2162 1270
1551 2090 1604 2151 hos

834 2191 933 2230 vorsus
947 2173 1060 2251 profert
1074 2173 1244 2251 Euripides:

43 4187 78 4235 lus
90 4200 177 4244 mora
191 4207 293 4247 sorore
306 4189 439 4266 cognitus
450 4200 494 4246 est
505 4199 534 4245 et
546 4199 686 4247 servatus.

73 4273 131 4330 'fres
142 4276 254 4336 fuerunt
268 4277 431 4354 tragoediae,
443 4275 548 4356 quibus
562 4277 618 4336 hoc
630 4295 785 4353 argumen-

44 4367 91 4416 ΜΠ]
111 4377 190 4440 P⁰eta
212 4365 383 4446 expllffililr
399 4378 432 4425 ¹¹²
464 4365 600 4440 diximus,
628 4365 785 4442 pergama,
936 4368 1012 4446 Att’
1030 4384 1046 4446 ὁ
1065 4381 1117 4470 μέν
1138 4403 1183 4456 τις
1203 4371 1333 4445 Atrius
1349 4380 1534 4470 φατνώματι

48 4445 243 4530 Thalamopoer's,
255 4455 454 4515 Sacerdotibus.
470 4461 507 4512 At
520 4473 638 4533 prorsus
646 4455 783 4556 'ignotum
881 4492 950 4578 χῢμ,
967 4489 996 4554 ἐν
1013 4491 1168 4580 ,mm
1187 4486 1389 4578 ἐμπεραωέτω
1409 4485 1538 4579 ῥυθμοῖςΙ

45 4547 89 4614 est,
106 4544 244 4618 quomodo
272 4556 358 4624 poeta
387 4543 497 4613 fabulas
518 4544 683 4612 ador-narrt,
707 4561 784 4622 prae-

46 4625 123 4684 setillir
136 4649 220 4707 quum
242 4645 322 4692 tanta
348 4633 385 4690 sit
410 4631 634 4710 fragmentorum
655 4629 784 4708 paucitas
828 4631 861 4684 ln
878 4643 936 4704 quo
953 4637 1048 4683 tamen
1065 4622 1149 4682 valde
1167 4621 1322 4682 obscurum
1339 4636 1397 4698 est,
1414 4620 1483 4700 quid
1497 4623 1523 4680 ir
1536 4645 1594 4704 cpt-

45 4719 68 4764 et
82 4711 238 4794 obscuritas,
254 4733 288 4779 nt
309 4739 345 4779 ne
369 4741 405 4780 ert
425 4719 469 4778 his
482 4719 601 4798 quidem
625 4717 782 4796 quidquam
827 4721 918 4794 γωνοῖς
943 4716 1048 4795 ῥυθμοῖς
1070 4711 1217 4791 significet.
1235 4711 1403 4770 Dindorfius
1428 4709 1516 4768 verba
1538 4709 1593 4795 qt-

46 4799 102 4858 ctrti
124 4807 275 4886 colligatur.
301 4815 345 4870 Ex
371 4808 538 4868 nominibus
562 4821 658 4868 tamen
690 4825 783 4886 appa·
826 4801 920 4881 τνωμά
931 4825 956 4860 τι
969 4802 1056 4876 delet,
1071 4815 1104 4861 ut
1119 4813 1225 4860 temere
1237 4801 1324 4859 illata.

376 4987 443 5038 m.
1074 4975 1164 5039 gnate,
1183 4966 1316 5039 percipea
1331 4979 1383 5020 me.

74 5059 171 5126 lltnirne
182 5069 260 5131 debet
274 5071 434 5130 mulieribus
451 5069 574 5128 maledici
590 5086 597 5125 :
610 5069 675 5144 quid
691 5069 783 5126 enim?
1176 5074 1232 5125 224

369 5173 436 5226 att.
862 5173 979 5231 Ataliru
991 5171 1054 5246 quis
1064 5170 1194 5230 Lesbium
1204 5168 1326 5244 laqueari

76 5245 238 5322 inclytissime
251 5259 426 5328 Achivorum,
448 5258 524 5317 Atrei
540 5257 633 5316 multis
648 5256 785 5346 imperans
863 5251 1013 5326 cymatium
1025 5249 1054 5308 in
1063 5248 1238 5324 triangulatrs
1249 5247 1371 5306 numeris
1380 5246 1523 5323 impunito.
