3680 5790
200 573 404 664 EXTRA
428 569 677 662 CYCLUM
699 564 936 658 EPICUM.

307 736 378 799 RES
398 733 563 797 DEORUM
584 731 837 808 MEROUMQUE.

456 857 683 918 ΥΔΡΟΦΟΡΟΙ.

229 989 387 1067 Tragrediae
406 1003 608 1068 argumentum
626 989 650 1048 si
664 987 758 1048 minus
771 1007 808 1047 ex
823 985 954 1056 nomine,

188 1090 284 1138 tamen
298 1099 334 1138 ex
349 1079 527 1159 fragmentis,
540 1099 604 1156 quae
625 1095 770 1157 perpauca
785 1085 865 1146 sunt,
877 1091 953 1151 quo-

188 1166 254 1226 dam
266 1181 352 1246 pacto
365 1168 488 1226 divinari
502 1179 604 1246 potest.
619 1165 776 1244 Sophocles
799 1162 884 1222 111111Ι
896 1181 954 1219 111

188 1255 273 1314 aliam
286 1277 347 1316 rem
361 1269 496 1315 tractasse
507 1255 625 1314 videtur
640 1273 726 1332 quam
747 1250 898 1328 AEschylus
912 1250 955 1308 fa-

188 1343 258 1404 bula
270 1366 335 1423 quae
348 1344 449 1404 eodem
465 1344 581 1402 nominc
599 1343 739 1422 inscripta
757 1353 828 1400 erat.
845 1343 955 1398 Osten-

190 1432 264 1491 dunt
276 1435 353 1492 enirn
365 1434 523 1511 fragmenta
535 1430 638 1492 Bacchi
649 1446 745 1490 ortum
760 1449 776 1488 a
792 1441 878 1508 poeta
894 1445 956 1486 esse

189 1523 352 1601 expositum
367 1523 564 1600 originemque
585 1520 663 1594 festi,
687 1539 752 1598 quae
772 1514 953 1595 Amphidro-

190 1611 248 1670 mia
271 1624 371 1670 vocata
393 1623 475 1686 sunt,
497 1609 663 1669 solemnitas
685 1627 743 1666 una
761 1605 867 1676 exiis,
891 1623 956 1682 quae

189 1717 302 1758 summa
326 1699 464 1777 religione
489 1699 527 1756 ab
550 1695 773 1756 Atheniensibus
804 1691 955 1752 celebratae

189 1800 266 1847 sunt.

228 1879 438 1954 Argumentum
452 1875 529 1935 inter
543 1875 703 1953 fragmenta
721 1871 849 1948 AEschyli
866 1871 957 1950 expli-

190 1966 327 2026 cavimus.
347 1972 452 2044 aquo
472 1966 615 2023 incertum
637 1975 681 2022 est
703 1961 809 2041 quibus
823 1965 853 2021 in
868 1963 956 2022 rebus

189 2055 348 2134 Sophocles
362 2053 562 2132 discrepuerit.
577 2047 732 2134 ‘fdpopo'por
749 2052 855 2110 chorus
869 2052 956 2110 fuisse

191 2144 336 2205 videntur.
352 2143 438 2218 Quod
455 2145 479 2202 si
499 2163 567 2202 vere
582 2142 716 2214 diximus,
738 2162 797 2200 non
815 2139 954 2200 dubitan-

190 2231 260 2292 dum
273 2246 319 2292 est
332 2232 402 2311 quin
421 2233 555 2292 mulieres
569 2244 598 2290 et
620 2231 741 2289 fortasse
756 2228 876 2288 Bacchas
892 2229 956 2287 fue-

190 2322 260 2400 rint,
273 2320 303 2382 id
318 2321 397 2400 quod
412 2341 448 2380 ex
460 2321 711 2399 grammaticorum
723 2316 819 2377 verbis
829 2319 955 2395 colligas.

191 2409 274 2488 Apud
288 2409 457 2487 AEschylum
471 2409 529 2467 hoc
541 2407 617 2467 idem
635 2407 776 2466 incertum
793 2405 855 2465 fuit.

230 2499 305 2558 Huic
342 2499 431 2558 choro
472 2496 531 2556 duo
569 2497 730 2575 fragmenta
762 2494 955 2555 attribuerim.

190 2587 287 2649 Schol.
300 2585 438 2665 Sophocl.
450 2585 548 2663 Antig.
559 2605 586 2644 v.
609 2607 618 2643 1
639 2607 645 2642 1
663 2584 703 2646 Τὸ
723 2581 751 2644 61
772 2583 856 2644 κοινὸν
871 2587 884 2642 ὁ
899 2583 955 2642 Σο-

190 2677 288 2756 φοκλῆς
302 2677 416 2754 συνεχῶς
430 2673 474 2732 tert
487 2679 534 2732 τοῦ
551 2673 662 2752 ἀδελφοῦ
678 2672 791 2752 τίθησιν,
806 2663 858 2732 οἷον
872 2671 916 2731 καὶ
929 2673 956 2732 lv

189 2771 247 2832 ταῖς
262 2761 430 2845 Ὑδροφόροις
442 2759 562 2842 clergo·
575 2761 679 2841 [11311
695 2758 847 2822 πολύκοινον
863 2761 955 2844 'Appr-

188 2852 279 2934 τρίταν
289 2879 310 2927 r,
325 2851 382 2910 ἀντὶ
398 2855 445 2912 τοῦ
465 2849 656 2932 πολυάδιλφον.
682 2851 764 2910 Canf.
787 2851 911 2929 Hesych.
928 2871 955 2908 ν.

190 2940 291 3008 Κοινός.
305 2939 402 3000 Verba
418 2941 515 2999 versui
531 2939 657 3000 iambico
683 2959 742 2998 uon
767 2941 954 3000 conveniunt.

190 3030 318 3088 Alterum
337 3047 455 3106 quoque
477 3028 668 3107 fragmentum
690 3027 871 3087 audaciorem
892 3029 955 3088 for-

191 3137 266 3176 mam
285 3117 365 3174 vocis
386 3116 516 3175 continet
535 3135 622 3194 quam
641 3117 773 3175 trimetro
793 3119 956 3176 conveniat.

190 3205 287 3266 Schol.
307 3203 380 3264 Phil.
396 3223 423 3264 v.
440 3201 594 3279 11991Ἐν
610 3199 778 3285 Ὑδροφόροις
795 3201 839 3261 τὸν
860 3203 956 3262 Διόνυ-

191 3317 236 3354 sav
259 3287 316 3353 slas
341 3291 425 3370 [311]
453 3293 613 3372 «Βακχᾶν»
640 3290 700 3350 ἀντὶ
726 3295 772 3350 τοῦ
798 3292 955 3371 βακχευτάν.

191 3389 371 3444 Postremum
387 3382 579 3458 fragmentum
593 3392 637 3438 est
651 3379 729 3458 apud
746 3379 829 3443 Plrot.
846 3358 873 3457 ρ’.
890 3381 956 3452 366,

194 3477 228 3533 13
240 3497 248 3533 ι
260 3471 344 3554 Ὀχος
353 3471 512 3539 Ἀκεσοαῖος.
528 3467 654 3532 Ἐδόκουν
665 3473 692 3530 αἱ
702 3470 840 3531 Σικελικαὶ
851 3469 957 3549 ἡμίονοι

190 3553 257 3622 οἶνοι
276 3563 425 3621 σπουδαῖοι·
439 3564 457 3632 ἡ
471 3559 521 3642 γὰρ
531 3553 646 3620 ‘Anteae
658 3557 785 3632 Σικελικὴ
800 3557 883 3628 πόλις.
900 3562 956 3620 Σο-

190 3652 289 3732 φοκλῆς
302 3647 484 3734 Ὑδροφόροις·

190 3789 274 3874 [311]
291 3773 384 3881 ὁχοις
402 3776 611 3856 haeresiotam
630 3779 766 3882 lpdcdbr
782 3777 879 3854 πόδα.

191 3925 272 3996 «Qui
285 3943 383 3981 versus
397 3924 428 3981 in
443 3924 544 3983 codice
558 3920 729 4000 transjectus
740 3934 785 3982 est
798 3943 829 4002 p.
846 3922 915 3998 365,
931 3943 957 3998 1,

191 4012 226 4070 ad
240 4012 363 4089 glossam
373 4009 500 4091 ”Ogevou
513 4012 591 4070 uode
606 4011 708 4072 eodem
722 4011 789 4072 loco
800 4010 890 4074 habet
899 4011 959 4076 Sui·
1053 4061 1059 4074 .

192 4099 251 4162 das.
267 4100 349 4160 Conf.
365 4100 488 4177 Hesych.
503 4101 532 4158 in
545 4095 638 4179 Ὀχος.
652 4127 664 4154 n
678 4102 763 4160 Dind.

528 4277 638 4294 -..-

509 4365 639 4428 ΝΙΟΒΑ.

231 4501 274 4555 De
289 4493 386 4554 Niobe
407 4495 557 4578 serrtmtiee
577 4495 708 4555 virorum
729 4497 882 4560 doctorum
898 4520 957 4561 non

191 4585 384 4644 consentiunt.
397 4584 472 4642 Sunt
489 4584 538 4662 qui
551 4583 677 4643 fabulam
693 4589 846 4664 satyricam
869 4589 957 4650 fuisse

191 4685 341 4742 censeant,
361 4674 444 4750 quia,
463 4671 569 4752 credo,
595 4674 703 4734 amoris
728 4677 847 4754 puerilis
872 4677 903 4737 in
923 4699 957 4738 ea

192 4762 299 4820 mentio
323 4763 395 4820 facta
416 4775 468 4822 est.
489 4767 595 4822 Verum
621 4763 683 4823 hac
703 4767 844 4824 sententia
868 4767 957 4827 hodie

194 4849 253 4908 'ere
269 4849 386 4929 explosa
406 4871 468 4910 esse
485 4851 616 4926 videtur,
633 4853 798 4932 improbata
813 4856 900 4914 etiarn
919 4856 956 4915 ab

202 4936 237 5012 is,
255 4937 306 5016 qui
316 4950 400 4998 antea
416 4938 610 5000 defenderant.

737 378 948 444 soettocms
969 379 1222 446 FRAGMENTA.

1045 511 1135 572 Multa
1157 513 1193 573 de
1217 512 1312 574 Nioba
1332 511 1521 595 Tragicorum
1549 513 1778 593 disputavimus,

1007 597 1057 658 ubi
1079 601 1236 680 fragments
1248 602 1357 676 Nioba,
1372 623 1460 684 quam
1477 603 1636 678 AEscbylus
1650 603 1778 682 scripsit,

1006 690 1220 767 explicavimus.
1240 691 1399 770 Sophocles
1422 703 1518 750 tamen
1543 693 1575 750 in
1600 689 1779 768 quibusdam

1006 775 1044 834 ab
1057 779 1200 858 AEschylo,
1214 801 1300 858 quern
1318 781 1490 860 plerumque
1504 781 1653 858 seqnitur,
1667 779 1779 840 disces-

1007 865 1076 924 sisse
1085 867 1201 948 alioque
1219 868 1306 927 modo
1325 867 1450 928 fabulam
1473 869 1638 928 instituisse
1653 868 1779 928 videtin.

1006 955 1035 1014 Si
1052 959 1128 1016 enim
1150 959 1302 1037 AEschylus
1316 958 1440 1019 Niobam
1455 959 1507 1018 diu
1522 959 1781 1028 tacentemjntro·

1007 1043 1099 1115 duxit,
1114 1045 1143 1104 id
1157 1049 1302 1126 peculiare
1313 1049 1367 1106 fuit
1379 1047 1478 1125 illique
1489 1047 1543 1106 soli
1556 1067 1574 1105 a
1585 1049 1781 1125 grammatico

1007 1131 1189 1208 vindicatum
1219 1135 1324 1195 deinde
1353 1135 1408 1196 alia
1437 1136 1491 1194 fuit
1519 1135 1725 1214 discrepantia
1755 1137 1782 1193 in

1007 1241 1126 1282 numero
1141 1222 1299 1284 liberorum
1315 1223 1426 1293 Niobae,
1443 1224 1509 1301 quia
1523 1223 1633 1282 diserte
1648 1223 1782 1301 perhibi-

1007 1321 1067 1366 tum
1082 1321 1124 1368 est
1139 1331 1155 1368 a
1169 1312 1364 1390 grammaticis
1378 1311 1553 1390 Sophoclem
1576 1326 1693 1392 septem
1709 1313 1783 1372 lilios
1832 1335 1833 1380 1

1008 1397 1186 1476 totidemque
1207 1399 1277 1458 filias
1291 1418 1540 1458 commemorasse.
1564 1403 1671 1479 Itaque
1693 1405 1782 1460 Luta·
1832 1387 1833 1472 1

1007 1491 1064 1547 tius
1085 1487 1122 1546 acl
1138 1491 1206 1547 Stat.
1225 1486 1318 1548 Theb.
1338 1492 1387 1564 Vl,
1410 1489 1438 1547 in
1460 1487 1539 1546 hunc
1562 1488 1690 1548 modum
1712 1491 1783 1548 scri-
1832 1479 1833 1514 ³

1008 1581 1093 1658 psit:
1117 1577 1235 1638 «Niobe
1258 1577 1415 1638 secundum
1435 1582 1597 1638 Homerum
1622 1579 1781 1640 duodecim

1007 1669 1081 1726 lilios
1101 1665 1211 1726 habuit.
1237 1667 1397 1746 Sophocles
1419 1679 1514 1725 autern
1532 1665 1607 1725 dicit
1625 1686 1693 1726 eam
1709 1689 1780 1746 qua-

1008 1755 1168 1816 tuordecim
1190 1754 1331 1816 habuisse.
1342 1781 1355 1808 ν
1366 1753 1532 1815 Mirandum
1549 1768 1595 1814 est
1611 1756 1697 1834 quod
1712 1758 1779 1816 Gel-

1008 1846 1063 1904 lius
1090 1843 1176 1924 (XX,
1206 1844 1234 1922 7)
1260 1843 1437 1922 Sophoclem
1467 1863 1526 1902 non
1558 1859 1780 1904 commemorat.

1007 1938 1108 1994 Exstat
1128 1933 1234 1992 deinde
1262 1945 1295 1992 11
1315 1933 1433 1992 videtur
1448 1931 1505 1991 alia
1523 1933 1601 1991 inter
1622 1945 1780 2012 utrumqne

1010 2034 1123 2102 poetam
1147 2021 1348 2100 discrepantia.
1370 2019 1512 2100 Culpatur
1524 2021 1603 2080 enirn
1617 2022 1781 2100 Sophocles

1008 2114 1063 2172 hac
1077 2112 1106 2171 in
1119 2111 1255 2189 tragoedia
1270 2129 1398 2171 amorem
1411 2109 1552 2189 puerilem
1564 2111 1779 2184 introduxisse,

1008 2201 1039 2260 id
1067 2201 1145 2279 quod
1171 2199 1324 2278 AEschylus
1348 2200 1456 2258 fecerat
1486 2200 1516 2259 in
1546 2201 1781 2277 Myrmidonibus

1009 2291 1125 2367 (Athen.
1135 2293 1218 2363 Xlll,
1229 2309 1257 2368 p.
1272 2290 1340 2362 6or,
1353 2295 1385 2362 A,
1396 2301 1425 2347 et
1438 2289 1513 2347 Plut.
1524 2293 1598 2347 Mor.
1610 2309 1643 2366 p.
1658 2290 1728 2363 760,
1742 2290 1780 2366 El.

1008 2383 1053 2437 Ex
1070 2378 1176 2457 quibus
1195 2376 1349 2436 concludas
1366 2375 1492 2435 fabulam
1508 2376 1644 2454 AEschyli
1666 2379 1781 2456 potissi·
1832 2411 1833 2456 i

1010 2488 1086 2526 11111111
1108 2468 1215 2526 luctum
1237 2465 1340 2525 Nioba.
1361 2463 1482 2545 ejusque
1502 2466 1664 2525 discessum
1688 2469 1782 2525 conti-

1010 2557 1121 2628 nuisse,
1135 2553 1309 2633 Sophoclem
1323 2565 1418 2614 autem
1437 2557 1521 2632 plura
1540 2575 1576 2612 ex
1592 2556 1674 2614 illius
1692 2555 1781 2614 histo

1010 2645 1051 2702 ria
1068 2645 1255 2722 complexum
1278 2663 1349 2702 esse.
1367 2647 1468 2722 Neque
1491 2663 1560 2702 vero
1575 2643 1723 2703 credibile
1742 2658 1781 2702 est

1010 2731 1167 2810 quidquam
1182 2730 1268 2810 hujus
1284 2731 1391 2792 amoris
1406 2744 1552 2790 ostensum
1566 2751 1630 2790 esse
1646 2733 1676 2790 in
1688 2751 1781 2803 scena,

1009 2820 1077 2896 quia
1094 2818 1261 2878 Plutarchus
1281 2820 1346 2877 loco
1364 2838 1449 2898 quem
1472 2819 1623 2877 citavimus
1641 2819 1681 2880 ad
1700 2841 1782 2878 corn-

1010 2907 1190 2987 probandum
1205 2927 1264 2967 non
1280 2927 1372 2986 pauca
1385 2908 1432 2966 illa
1444 2907 1544 2982 rerba,
1557 2901 1667 2986 quibus
1681 2909 1780 2968 auxilii

1009 2997 1154 3055 invocatio
1169 2998 1345 3068 continetur,
1359 2997 1388 3055 in
1410 2995 1537 3056 medium
1559 2997 1718 3071 attulisset,
1733 2997 1779 3056 sed

1010 3097 1099 3144 totam
1122 3084 1247 3144 fabulam
1275 3084 1451 3143 documento
1482 3103 1545 3142 esse
1570 3083 1707 3144 dixisset.
1731 3087 1779 3144 Est

1010 3193 1080 3233 vero
1095 3173 1250 3233 videndum
1262 3173 1334 3252 quid
1345 3173 1383 3232 sit
1393 3193 1479 3251 quem
1494 3192 1621 3231 amorem
1638 3174 1779 3252 puerilem

1010 3275 1123 3321 vocant.
1142 3263 1199 3320 t'ix
1223 3261 1417 3320 dubitandum
1439 3275 1483 3319 est
1507 3263 1576 3339 quin
1602 3261 1687 3320 aliud
1708 3264 1743 3320 sit
1765 3285 1779 3320 a

1011 3351 1220 3428 posterioribus
1234 3351 1342 3410 Graecis
1354 3350 1542 3423 intellectum,
1557 3350 1638 3409 aliud
1654 3371 1673 3409 a
1689 3353 1778 3430 poetis

1010 3439 1198 3517 descriptum.
1217 3439 1303 3512 Quod
1318 3439 1364 3498 his
1382 3437 1535 3498 honestum
1554 3438 1611 3497 fuit
1627 3453 1660 3498 et
1680 3441 1777 3499 lauda-

1010 3527 1077 3600 bile,
1091 3527 1127 3586 ab
1145 3528 1201 3587 illis
1222 3529 1250 3584 in
1266 3527 1368 3586 malam
1388 3541 1500 3606 partem
1521 3540 1680 3606 acceptum
1695 3543 1778 3588 estet

1010 3635 1083 3693 quos
1111 3636 1209 3674 amore
1232 3615 1435 3673 honestissimo
1456 3616 1691 3693 suavissimoque
1712 3637 1777 3674 con·

1007 3703 1126 3782 junctos
1141 3703 1276 3782 superior
1288 3715 1355 3761 aetas
1378 3703 1456 3777 fecit,
1475 3703 1652 3782 turpissimis
1671 3706 1778 3783 cupidi-

1012 3793 1098 3850 nibus
1112 3793 1263 3871 copulatos
1278 3805 1380 3871 postea
1391 3793 1564 3869 cogitarunt.
1579 3797 1674 3851 Poeta
1688 3808 1777 3852 autem

1011 3883 1239 3960 opportunitate,
1257 3901 1321 3958 quas
1336 3901 1373 3939 ex
1389 3881 1464 3954 loco,
1478 3901 1537 3959 quo
1555 3901 1602 3938 res
1621 3895 1697 3940 actae
1708 3895 1778 3950 sunt,

1011 3972 1047 4031 ad
1068 3991 1195 4029 amorem
1220 3968 1396 4028 laudandum
1418 3971 1531 4048 egregie
1555 3991 1627 4028 usus
1651 3971 1778 4044 videtur,

1011 4080 1079 4139 quta
1098 4058 1266 4137 tragoediam
1287 4058 1394 4118 Thebis
1412 4059 1458 4138 agi
1477 4058 1554 4131 fecit,
1576 4079 1636 4136 qua
1661 4061 1693 4118 iu
1712 4060 1779 4118 urbe

1012 4161 1096 4227 turpe
1110 4147 1166 4206 fuit
1180 4166 1282 4226 puero,
1299 4147 1324 4206 si
1349 4160 1507 4206 amatorem
1529 4167 1587 4203 nou
1612 4147 1776 4206 invenisset.

1011 4234 1119 4296 Thebis
1130 4235 1257 4296 fabulam
1269 4235 1314 4314 agi
1327 4235 1413 4294 docet
1426 4235 1556 4295 Eustath.
1574 4255 1604 4312 p.
1624 4235 1713 4310 1367,
1735 4256 1777 4292 ar.

1050 4324 1142 4386 Valde
1151 4325 1268 4386 difficile
1276 4338 1424 4385 estantem
1436 4324 1548 4402 assequi
1557 4344 1624 4402 quae
1636 4325 1778 4404 tragoedie

1011 4415 1185 4494 compositio
1200 4413 1449 4493 conformatioque
1460 4413 1555 4472 fuerit.
1568 4418 1645 4474 Nam
1659 4413 1779 4487 etiamsi,

1010 4525 1075 4581 quae
1101 4515 1144 4561 est
1170 4503 1314 4564 Welclteri
1338 4501 1500 4580 sententia,
1529 4501 1654 4561 Ovidius
1688 4503 1721 4561 in
1750 4522 1778 4561 re

1010 4611 1122 4651 summa
1144 4590 1316 4670 Sophoclem
1336 4591 1478 4671 expressit
1504 4611 1631 4668 cumque
1652 4591 1778 4650 imitatus

1010 4693 1063 4754 est,
1079 4693 1174 4739 tamen
1189 4679 1332 4759 ejusmodi
1344 4692 1388 4740 est
1401 4680 1499 4739 Ovidii
1513 4678 1638 4757 relatio,
1651 4693 1688 4738 ut
1709 4679 1776 4739 nibil

1008 4767 1114 4828 habeat
1136 4767 1215 4848 quod
1235 4768 1328 4828 simile
1350 4767 1388 4827 sit
1407 4767 1565 4848 tragoediae.
1587 4773 1713 4844 Manto,
1735 4770 1773 4826 in-

1009 4857 1083 4935 quit,
1097 4858 1216 4917 Tiresiae
1234 4858 1291 4918 lilia
1311 4857 1450 4917 instinctu
1470 4862 1589 4917 Latonae
1605 4878 1700 4937 quum
1713 4877 1773 4916 mu-

1009 4945 1093 5004 lieres
1124 4943 1279 5006 Thebanos
1316 4944 1354 5004 ad
1391 4943 1573 5005 adorandum
1611 4948 1773 5026 Apollinem

661 5179 793 5238 Curribus
805 5180 941 5239 Acessaets
953 5115 1040 5254 illm
1052 5179 1232 5254 imposuisset
1243 5178 1350 5256 pedem.
