3680 5790
233 413 289 464 tst

233 536 390 616 explicatu.
413 531 560 609 Telephus
580 527 708 586 omnium
731 525 841 604 primns
860 522 992 582 introdun

230 636 296 684 ctus
314 641 377 684 esse
396 633 513 698 apoeta
535 616 649 676 ridetur
667 615 841 694 gravissimis
861 611 996 671 emmnis

235 729 401 790 oppressus,
415 709 446 768 in
465 706 571 785 quibus
589 704 673 763 dulce
691 723 752 761 esse
769 704 821 768 ait,
835 703 859 759 si
879 698 997 778 quando

235 801 377 860 malorum
396 797 558 874 urgentium
580 791 712 854 oblivisci
736 792 791 850 sibi
813 791 906 848 liceat.
926 793 996 848 Sto·

236 891 316 950 bans
326 890 437 958 xxm,
448 895 464 956 t
477 905 485 946 ι

235 1032 318 1112 [595]
328 1009 372 1104 Ως
381 1029 444 1100 τοῖς
450 1031 550 1100 κακῶς
561 1019 744 1111 πράσσουσιν
754 1008 813 1092 aldit
822 1017 872 1084 καὶ
885 1015 999 1107 βραχύν

315 1141 421 1234 χρόνον
436 1135 582 1205 λαθέσθαι
594 1143 654 1202 τῶν
671 1134 874 1228 παρεστώτων
888 1137 1000 1198 κακῶν.

240 1274 282 1330 Εκ
294 1267 340 1328 his
357 1266 456 1326 verbis
471 1265 588 1344 colligas
604 1261 733 1322 nondum
752 1259 901 1340 expiatum
921 1257 1001 1317 illum

240 1361 335 1419 luisse.
350 1355 463 1416 Deinde
477 1355 599 1413 chorum
614 1351 802 1411 intervenisse
817 1361 845 1407 et
860 1367 925 1407 cum
945 1352 1003 1407 Te·

239 1447 326 1526 lephc
340 1445 515 1505 collocutum
527 1463 588 1501 esse
602 1440 789 1511 crediderim,
803 1458 839 1497 ex
853 1458 912 1516 quo
928 1457 1005 1516 qure-

241 1539 293 1607 rit,
308 1536 336 1595 in
349 1553 501 1612 quamnam
519 1543 623 1590 terram
638 1529 816 1608 pervenerit,
834 1539 865 1586 ut
884 1537 1006 1604 apparet

242 1644 325 1686 retsu
343 1622 420 1702 apud
434 1618 606 1682 Strabonem
619 1623 698 1694 Vlll,
712 1637 740 1697 p.
754 1619 830 1678 356:

240 1761 322 1844 [500]
340 1747 420 1826 dola
438 1757 490 1846 μὲν
509 1761 528 1830 ἡ
545 1755 692 1846 σύμπασα
706 1747 863 1848 κλγθζετοιι,
880 1743 953 1835 ξένε,

338 1876 425 1952 πολις
440 1863 475 1940 dl
491 1873 605 1938 Μυσῶν
618 1866 724 1938 Μυσία
739 1869 938 1962 προσήγορος.

242 2013 340 2074 Cltoro
353 2009 542 2086 interroganti
561 2007 626 2086 quis
646 2007 698 2080 sit,
716 2003 859 2083 Telephus
880 2003 916 2062 de
934 2025 1008 2062 sertr-

244 2100 318 2158 mnis
331 2097 389 2154 suis
408 2095 540 2153 nonnihil
568 2095 677 2152 dixisse
694 2092 825 2164 ridetur,
842 2093 887 2150 cui
904 2092 1009 2150 chorus

245 2184 409 2264 respondet,
430 2184 511 2262 quod
524 2181 655 2242 Stobaeus
668 2181 793 2238 servavit
807 2184 940 2253 XCVlll,
955 2180 1008 2237 23:

243 2309 326 2391 [δύο]
346 2287 488 2395 Ᾰμοχθος
504 2299 561 2395 γὰρ
580 2291 686 2378 οὐθείς·
706 2305 721 2366 θ
738 2290 767 2364 θ’
780 2302 879 2372 ἥκιστ’

344 2419 421 2508 ἔχων
441 2415 651 2508 μακάρτατος.

245 2553 281 2607 Et
295 2545 374 2624 quod
386 2545 463 2624 apud
477 2545 652 2622 Hesyclrium
664 2557 722 2602 est:
737 2541 817 2621 [508]
829 2567 840 2592 ο
850 2540 1010 2622 dommac»,

246 2635 368 2716 σκληρός.
384 2637 451 2716 Eup.
466 2635 577 2700 Μυσοῖς.
596 2639 639 2692 hc
653 2631 770 2691 videtur
795 2631 940 2708 'l'elephus
961 2631 1013 2689 de-

247 2725 315 2783 iude
330 2725 421 2784 choro
435 2736 523 2782 totam
538 2743 618 2781 suam
636 2733 743 2780 sortem
755 2720 937 2796 exposuisse,
953 2739 1012 2796 quo

127 2819 130 2826 ⁴
248 2815 325 2872 lacto
334 2814 439 2871 chorus
451 2813 535 2890 plura
548 2813 584 2868 dc
598 2831 633 2868 eo
647 2820 788 2868 memorat
802 2828 874 2866 nave
886 2809 1011 2867 vertisse:

247 2901 370 2978 Hesych.
388 2900 470 2978 [599]
483 2925 494 2951 ι
506 2897 652 2981 ἀπούύθρα,
666 2925 678 2951 ι
695 2894 899 2976 &nodamina
916 2893 1012 2974 κλίμαξ

242 2989 319 3057 νεώς.
329 2993 395 3069 Σορ.
405 2990 516 3059 Μυσοῖς,
530 2991 577 3047 cui
592 2991 632 3047 fas
643 3009 701 3046 non
714 2989 751 3046 sit
763 2987 899 3046 interesse
911 2987 1013 3046 sacris:

250 3078 373 3154 Hesych.
392 3077 477 3155 [000]
491 3101 503 3128 u
517 3074 660 3158 ἀποσύρει,
672 3103 685 3128 ν
700 3077 818 3156 ἀποσπᾷ.
835 3077 868 3135 Σ.
883 3077 932 3148 M,
946 3077 1014 3153 qula

249 3168 293 3224 vis
317 3165 416 3222 divina
429 3164 567 3235 retineat3
591 3166 665 3244 [001
680 3165 690 3242 ]
716 3162 840 3244 «ἀπύρου
855 3191 884 3236 υ,
908 3163 1013 3224 θθύτου.

251 3257 284 3315 Σ.
297 3255 346 3323 Μ,
361 3254 411 3331 qui
427 3251 552 3330 indigeat
567 3253 732 3329 expiatione
745 3272 762 3309 a
776 3252 833 3311 diis
847 3273 882 3310 ex
902 3255 1014 3312 aeternis

249 3343 398 3402 sententiis
424 3341 576 3398 instituta:
602 3341 684 3420 [002]
705 3339 847 3422 «ἀφθίτους
871 3340 1014 3420 γνώριας,υ

249 3429 467 3511 &percepta-tout.
476 3431 510 3489 Σ.
522 3429 563 3487 Μ.
578 3434 710 3488 Fortasse
723 3429 779 3488 huc
790 3430 876 3488 ctiam
888 3434 1015 3509 pertinet

251 3523 441 3599 fragmentum
454 3517 530 3596 apud
542 3518 626 3576 eund.
642 3519 724 3596 [603]
737 3519 890 3600 «ἄειρύρος,
903 3545 914 3570 υ
928 3520 1015 3578 ἀειθα-

250 3611 305 3682 λης.
327 3611 360 3670 Σ.
375 3606 491 3689 Τηλέφῳ
505 3607 584 3686 quod
599 3628 687 3666 uniun
706 3627 742 3666 ex
756 3608 886 3687 Telepho
904 3629 1015 3668 memo-

252 3711 341 3758 ratur.

290 3788 414 3864 Reliqua
435 3785 472 3842 ad
492 3785 612 3864 Telephi
639 3786 832 3864 receptionem
854 3788 885 3843 in
908 3787 1015 3864 regiam

252 3888 424 3952 potestatem
442 3873 590 3932 reserenda
607 3886 683 3932 sunt.
701 3875 806 3932 Athen.
829 3879 881 3946 IV,
898 3896 925 3952 p.
952 3877 1016 3950 183,

251 3969 275 4022 E
293 3986 299 4019 :
316 3960 486 4038 Μνημονεύει
501 3960 527 4018 δὲ
541 3965 588 4018 τοῦΙ
604 3961 730 4043 τριγώνου
746 3960 840 4020 τούτου
863 3961 908 4021 καὶ
928 3965 1016 4044 Σορο-

252 4052 316 4119 ιιλῆς
331 4053 356 4108 ἐν
370 4050 417 4128 μὲν
433 4053 534 4116 Μυσοῖς
546 4049 640 4118 οὕτως·

253 4186 336 4271 [004]
350 4187 451 4264 Πολὺς
465 4178 498 4252 di
509 4180 596 4278 Φρὺξ
612 4187 755 4281 τρίγωνος
770 4188 968 4257 ἀντίσπαστά
984 4217 1016 4259 τε

359 4291 462 4376 Λυδῆς
479 4301 603 4390 ἐφυμνεῖ
612 4293 763 4380 πηκτίδος
781 4295 958 4396 συγχορδία.

252 4427 355 4485 Pollux
372 4431 411 4500 X,
438 4427 493 4484 186
506 4448 512 4485 ε
527 4427 617 4498 Φοιίης
630 4429 653 4484 θ’
669 4427 700 4486 ἂν
712 4429 757 4488 καὶ
776 4429 914 4512 σισύρναν,
930 4435 1019 4517 Σορο-

254 4513 343 4582 νιλέους
357 4516 383 4572 ἐν
401 4515 504 4582 Μυσοῖς
518 4512 648 4593 λέγοντος,

307 4756 397 4826 Quam
410 4753 489 4810 dulce
504 4689 666 4812 miseridllt
676 4753 717 4811 rel
730 4754 766 4811 ad
779 4755 859 4813 breve

306 4841 413 4906 tempus
425 4833 548 4891 oblivisci
560 4834 695 4891 maloram
707 4850 770 4910 qua
783 4845 893 4910 urgent.

310 4975 374 5031 Asia
387 4975 461 5030 enim
472 4981 530 5030 tota
542 4911 667 5045 trocaldlrl,
679 4978 797 5053 hospes,

308 5049 458 5124 respublica
468 5068 533 5110 vero
542 5059 683 5128 Mysorum
694 5060 781 5132 Mysia
791 5057 956 5131 appellatur.

327 5194 390 5250 Sine
404 5196 534 5252 aerumnis
549 5133 696 5268 nemlolldsu
712 5201 758 5272 qui
771 5201 896 5258 minimas

780 386 991 455 sornocnts
1012 385 1259 448 FRAGMENTA.

1048 535 1131 620 [005]
1146 523 1303 616 satta,
1319 528 1426 622 τιάρας
1441 525 1492 596 καὶ
1505 519 1683 622 σισυρνῶθη
1696 529 1804 599 caath.

1048 663 1185 742 Berglius
1200 659 1280 744 ψέλια
1293 657 1429 720 correxit.
1442 660 1656 736 Fragmentum
1672 655 1751 736 apud
1764 665 1807 714 lu

1051 753 1122 812 tiatt.
1135 773 1163 832 p.
1174 753 1222 824 83,
1233 747 1371 828 22,[608]
1381 773 1393 800 ι
1402 745 1496 806 ἄύολον
1509 744 1608 820 ἵππον,
1619 771 1632 798 υ
1644 745 1716 827 Σορ.
1726 745 1808 806 Macra·

1051 839 1154 922 (codex
1167 837 1298 918 μούσαις),
1315 835 1430 895 videtur
1446 835 1530 894 chori
1543 853 1627 906 esse,
1641 853 1741 910 neque
1756 853 1809 891 ruo

1051 929 1174 990 dixerim
1185 925 1255 1007 quid
1268 923 1418 1004 significet.
1429 928 1461 984 ln
1472 923 1519 984 his
1529 922 1678 982 omnibus
1687 923 1811 980 incertnn

1051 1031 1096 1078 est
1108 1038 1178 1078 num
1189 1015 1362 1077 Teuthranti
1380 1018 1532 1091 Mysorum
1551 1013 1619 1090 regi
1638 1010 1812 1072 barbarailla

1053 1117 1222 1166 ornamenta
1234 1101 1417 1165 attribuenda
1430 1101 1497 1164 sint.

1379 1267 1490 1286 *-

1215 1365 1409 1428 POLYlDUS
1431 1385 1499 1427 srva
1520 1365 1669 1428 VATES.

1097 1519 1182 1573 Vates
1206 1513 1260 1572 fuit
1286 1512 1432 1590 Polyidus,
1453 1525 1485 1571 ut
1500 1525 1544 1570 est
1566 1513 1654 1590 apud
1677 1515 1818 1572 Homemn

1057 1605 1139 1664 Iliad.
1153 1606 1188 1675 N,
1211 1603 1286 1671 6623
1306 1601 1450 1680 interpres
1463 1601 1656 1660 somniorum
1673 1602 1753 1680 apud
1768 1604 1814 1660 Pin

1058 1693 1161 1752 darrun
1171 1691 1287 1768 Olymp.
1297 1691 1380 1761 xm,
1390 1689 1605 1762 72.Coniuudit
1617 1689 1739 1748 diversa
1748 1691 1817 1748 schol.

1059 1784 1095 1844 ad
1108 1781 1187 1841 Iliad.
1200 1785 1235 1855 Ε,
1253 1782 1317 1849 rtd.
1329 1785 1401 1838 ltem
1416 1793 1536 1837 narrant
1549 1781 1699 1858 Hyginus
1713 1783 1818 1859 ethpnL
1833 1785 1834 1848 i

1060 1871 1191 1942 lodorus,
1214 1887 1338 1947 qnorum
1369 1867 1449 1945 prior
1474 1867 1536 1925 haec
1563 1868 1666 1926 literis
1693 1870 1818 1927 mandarit

1061 1959 1129 2020 Pab.
1146 1960 1220 2016 136:
1238 1955 1403 2027 «Glaucus,
1420 1957 1525 2015 lllinois
1537 1968 1567 2014 et
1588 1957 1750 2035 Pasiphae
1764 1959 1819 2017 filius

1062 2049 1132 2107 dum
1146 2047 1221 2106 ludit
1236 2045 1305 2124 pila,
1318 2045 1422 2103 cecidit
1435 2046 1464 2102 in
1478 2043 1595 2102 dolium
1610 2047 1707 2106 melle
1719 2048 1818 2126 plenum

1062 2144 1155 2210 Quem
1186 2154 1276 2212 ‹yuum
1302 2147 1434 2212 parentes
1458 2148 1649 2211 quaererent,
1678 2138 1819 2214 Apollinea

1062 2225 1198 2284 sciscitati
1214 2235 1281 2281 sunt
1294 2223 1331 2280 de
1347 2241 1447 2300 puero.
1461 2221 1579 2294 Quibus
1597 2225 1716 2302 Apollo
1729 2245 1817 2303 respoc
1833 2243 1834 2310 γ

1065 2313 1123 2372 dit:
1139 2318 1303 2370 Monstrum
1319 2310 1405 2368 vohis
1426 2323 1528 2370 natum
1549 2325 1608 2386 est,
1633 2314 1723 2391 quod
1740 2315 1762 2372 si
1778 2315 1820 2391 qui:

1064 2401 1198 2472 solverit,
1218 2418 1341 2478 puerum
1362 2397 1447 2457 vobis
1468 2401 1618 2458 restituet.
1646 2403 1751 2460 Minos
1767 2415 1820 2460 som

1064 2489 1164 2550 audita
1185 2489 1275 2566 coepit
1298 2499 1459 2546 monstrum
1483 2508 1501 2545 a
1522 2489 1587 2546 suis
1610 2509 1775 2566 quarere:
1793 2511 1809 2546 ο

1064 2581 1202 2637 dixerunt
1215 2589 1313 2634 natum
1327 2595 1388 2634 esse
1400 2575 1524 2634 vitulum
1536 2621 1543 2648 ‚
1555 2578 1612 2654 qui
1627 2589 1679 2636 ter
1694 2580 1726 2637 iu
1736 2581 1780 2638 die
1790 2601 1816 2636 οι

1065 2666 1155 2724 lorem
1177 2677 1302 2722 mutaret
1324 2683 1376 2742 per
1399 2676 1557 2741 quaternas
1581 2665 1701 2741 horas,
1726 2673 1819 2746 prinas

1065 2753 1173 2824 album,
1187 2751 1315 2812 secundo
1329 2751 1460 2824 rubrum,
1475 2752 1585 2812 deinde
1600 2755 1740 2833 nigrum.
1755 2761 1820 2816 mna

1065 2856 1161 2902 antem
1178 2840 1215 2899 ad
1241 2852 1402 2899 monstrum
1425 2842 1603 2900 solvendum
1631 2863 1762 2923 augures
1781 2867 1822 2902 me·

1065 2931 1190 2990 vocavit.
1197 2929 1256 3001 Qui
1266 2948 1356 3008 quum
1369 2950 1428 2987 non
1439 2930 1621 3004 invenirent,
1633 2935 1777 3011 Polyidus
1785 2940 1822 2993 (ju-

1066 3019 1129 3078 rani
1143 3019 1232 3078 tilius.
1243 3060 1251 3075 .
1264 3060 1273 3075 .
1291 3029 1451 3076 monstrum
1463 3018 1704 3092 demonstravit,
1721 3045 1781 3082 eum
1792 3043 1817 3080 u

1066 3107 1131 3166 bori
1145 3108 1220 3165 mori
1232 3104 1356 3165 similem
1369 3125 1444 3180 esse,
1455 3127 1520 3164 nam
1532 3110 1674 3187 primum
1688 3113 1780 3172 album
1790 3125 1822 3168 est

1066 3194 1172 3254 deinde
1192 3193 1330 3266 rubrum,
1346 3214 1434 3272 quum
1454 3202 1711 3270 permaturaverit
1729 3203 1834 3278 nigrant

1066 3291 1149 3344 Tunc
1163 3283 1261 3342 Minos
1272 3282 1312 3341 ait
1324 3283 1351 3342 ei
1364 3304 1370 3340 :
1383 3285 1426 3340 Ex
1439 3283 1587 3360 Apollinis
1602 3307 1753 3367 responso
1761 3291 1823 3346 lilino

1067 3374 1138 3433 milri
1151 3385 1269 3452 oportet
1282 3373 1426 3431 restituas.
1444 3373 1531 3447 Quod
1548 3377 1701 3452 Polyidus
1716 3379 1778 3437 dum
1791 3398 1822 3432 aa

1067 3475 1199 3540 guratur,
1221 3461 1295 3521 vidit
1313 3473 1449 3519 noctuam
1469 3481 1559 3541 super
1581 3466 1695 3525 cellam
1715 3469 1824 3525 vinariam

1068 3550 1214 3612 sedentem
1228 3564 1314 3629 atque
1325 3571 1393 3629 apes
1405 3549 1560 3629 iurgantem.
1573 3557 1720 3634 Augurio
1731 3569 1824 3632 arrepta

1068 3661 1189 3718 puerum
1203 3642 1364 3700 enatantem
1378 3639 1413 3699 de
1426 3640 1509 3701 dolio
1521 3646 1667 3703 extraxit.
1682 3648 1738 3706 Cui
1756 3647 1824 3704 Mina·

1068 3731 1131 3788 ait:
1156 3734 1288 3809 Corpore
1309 3730 1428 3788 invento
1453 3751 1533 3789 nunc
1548 3733 1699 3810 spiritum
1721 3735 1824 3795 restitue.

1069 3818 1156 3889 Quod
1168 3818 1304 3896 Polyidus
1319 3839 1408 3896 quum
1423 3833 1542 3896 negaret
1556 3841 1649 3899 posse
1666 3826 1742 3892 lieri,
1755 3823 1824 3882 Mine

1065 3907 1151 3984 jubet
1164 3927 1230 3966 eum
1245 3927 1311 3966 cum
1325 3927 1418 3987 puero
1432 3909 1462 3966 in
1481 3925 1682 3970 monumento
1699 3913 1797 3971 includi
1808 3921 1834 3986 a

1069 3995 1195 4072 gladium
1207 3997 1349 4075 poni.Qui
1360 4017 1449 4074 quum
1458 3998 1563 4056 inclusi
1573 4014 1687 4072 essem,
1702 4002 1785 4060 draco
1793 4001 1834 4072 re}

1070 4096 1156 4162 pente
1170 4085 1206 4142 ad
1220 4105 1327 4164 corpus
1339 4087 1424 4164 pueri
1438 4089 1590 4164 processit.
1603 4091 1697 4164 Quod
1714 4085 1834 4166 Polyidu

1070 4173 1213 4232 aestimans
1228 4195 1293 4233 eum
1307 4174 1382 4232 velle
1401 4194 1585 4251 consumere,
1609 4180 1713 4257 gladio
1732 4189 1823 4258 repent

1070 4263 1212 4338 percussit
1222 4275 1250 4320 et
1264 4263 1380 4323 occidit.
1395 4263 1494 4323 Altera
1510 4285 1634 4346 serpens
1655 4290 1756 4347 parem
1769 4285 1819 4344 que

1069 4369 1134 4408 reus
1148 4351 1222 4408 vidit
1235 4371 1297 4410 eam
1315 4353 1493 4412 interiectam
1506 4367 1535 4412 et
1548 4375 1710 4436 progressa
1727 4359 1823 4416 herbera

1069 4440 1167 4497 attulit
1182 4452 1269 4517 atque
1287 4440 1348 4518 ejus
1368 4453 1444 4501 tuctu
1458 4445 1590 4520 serpenti
1606 4447 1745 4523 spiritum
1760 4443 1820 4502 resl-

1073 4528 1137 4585 tuit.
1149 4527 1288 4606 Idemque
1295 4529 1430 4607 Polyidus
1439 4531 1517 4605 fecit,
1530 4533 1585 4608 qui
1598 4553 1695 4610 quum
1710 4538 1781 4592 intus
1791 4549 1820 4585 ιο

1145 4693 1242 4766 habet,
1254 4694 1440 4753 felicissimus.

1322 4834 1326 4843 =
1422 4803 1485 4857 sot.

1108 4911 1217 4986 Phrygii
1229 4914 1329 4987 trigoni
1342 4914 1422 4972 multi
1435 4917 1463 4972 et
1474 4916 1533 4973 suis
1546 4925 1648 4976 tractu
1662 4919 1761 4977 lidibus

1108 4992 1201 5064 Lydiae
1210 4993 1322 5066 pecudis
1333 4995 1498 5053 chordarum
1508 4997 1614 5056 accidit
1625 5002 1795 5059 concinnius.

1420 5107 1483 5158 6⁰5.

1124 5205 1245 5263 Forlices
1257 5207 1338 5264 tiaras
1352 5215 1379 5264 et
1391 5207 1550 5281 sisyrneum
1565 5213 1769 5273 resumentem.
