3656 5798
203 420 258 470 23²

771 395 947 460 AESGHYLI
967 393 1214 456 FRAGMENTA.
1270 406 1273 412 ·

204 563 230 619 p.
247 541 314 614 316,
325 544 360 600 Il:
373 535 431 610 Τὴν
443 533 471 595 δέ
483 531 603 605 αἰτιακὴν
617 529 749 592 πολύπουν
765 527 854 610 φασίν,
869 528 903 591 ὡς
913 523 959 584 καί
1003 520 1093 606 φύνης.
1110 521 1190 584 Πλίω
1211 519 1310 604 γρύσου
1323 521 1369 582 καί
1388 519 1493 604 ιἰσθοίου
1509 515 1554 578 καί
1575 513 1658 596 ῥύπου
1676 536 1707 594 τι
1720 515 1758 574 καί

204 627 333 689 Ἀλκίνουν
348 625 393 686 καί
411 623 544 685 Οἰδίπουν·
563 621 608 680 καί
624 619 731 702 τρίπουν
748 616 848 688 λε’ύητα
863 613 960 694 Αἰσχύ-
1003 607 1098 691 ψύθου·
1114 607 1245 692 Αἰσχύλος
1269 611 1394 692 Θεωροῖς.
1412 614 1484 683 Quae
1502 607 1543 665 sic
1560 603 1686 664 restituit
1707 607 1761 661 Ilo-

202 718 245 774 λον
260 714 391 797 εἰρηκέναι
409 715 434 772 έν
452 710 594 790 Ἀθάμαντι
606 709 658 768 ἀπὸ
670 709 754 768 ἁπλοῦ
769 713 814 766 τοῦ
829 701 900 770 πούς.
1004 697 1114 757 braeus:

1059 819 1142 916 [συθ]
1160 818 1250 886 ssata
1265 815 1379 913 γρύσου
1397 840 1431 910 γε
1445 811 1498 882 καὶ
1511 809 1618 904 ψύθου,

242 805 370 863 Alterum
389 802 508 860 sortasse
526 799 561 858 de
578 803 685 873 Inone,
700 816 786 876 quam
806 813 861 873 pro
874 793 962 851 leaena

204 893 335 950 Athamas
348 890 471 962 habuit,
494 887 601 946 dictum
618 898 661 944 est
676 885 754 964 apud
769 877 961 959 Hesychium:

203 969 284 1053 [215]
298 967 484 1052 «Βρυαζούσης
492 967 623 1033 λεαίνας»
636 969 662 1026 ἐν
671 965 819 1044 Ἀθάμαντι·
829 957 961 1040 ἀκμαζού-
1006 944 1059 1013 οἷον
1071 948 1116 1010 καί
1126 945 1216 1030 ῥύπου.
1229 945 1308 1023 Αίσχ.
1319 942 1356 1002 Θ.
1375 938 1540 1000 Dindorlius
1548 948 1660 1004 autern,

202 1083 249 1130 σης
262 1057 280 1131 ἥ
295 1059 441 1138 ἰγκύμονος.
454 1055 514 1118 Ubi
525 1056 632 1114 nescias
651 1067 746 1112 tamen
764 1049 914 1130 Sophoclis
926 1069 962 1106 an

203 1150 330 1226 AEschyli
342 1147 478 1208 Athamas
492 1145 613 1206 dicatur.

242 1239 363 1316 Reliqua
371 1235 493 1295 obscura
510 1247 576 1293 sunt
589 1232 667 1312 apud
679 1229 853 1309 Hesychium
865 1251 872 1286 ε
883 1224 964 1310 [216]

203 1325 349 1398 «Ἀνίτους,
366 1351 378 1377 ν
396 1322 533 1402 μεγάλους.
554 1319 682 1400 Αἰσχύλος
704 1317 846 1396 Ἀθάμαντι
863 1316 966 1398 (codex

204 1409 379 1492 οἰθοίμαντας),
406 1424 435 1470 et
454 1410 536 1489 [217]
547 1408 691 1490 «Ardpn»
710 1406 812 1486 (codex
830 1402 965 1488 ἀταρτιᾶ),

203 1499 417 1582 ἀπηρτισμένως,
428 1497 550 1579 οἰκριύιῗις.
568 1496 698 1577 Αἰσχύλος
711 1493 861 1574 Ἀθάμαντι.

242 1591 408 1650 Welclserus
428 1601 524 1648 autem
540 1588 743 1647 Athamantem
762 1583 888 1644 secunda
905 1595 965 1640 tra-

204 1679 293 1758 gedia
318 1679 490 1758 resipuisse,
514 1677 633 1736 Inonem
660 1675 775 1734 insania
801 1685 966 1750 correptam

205 1769 309 1840 luisse,
330 1787 424 1845 neque
436 1771 557 1824 Inonem
569 1764 619 1824 sed
634 1764 835 1824 Athamantem
847 1779 967 1840 puerum

204 1859 234 1917 in
262 1877 372 1916 aeneum
395 1855 517 1914 lebetem
547 1852 705 1931 conjecisse
732 1852 857 1930 fugiente
879 1851 968 1910 Inone

206 1957 300 2023 putat.

495 2057 681 2084 -οοο-ι

333 2163 480 2226 THEORI
500 2163 560 2223 sire
580 2162 837 2226 lsTHMIASTAE.

245 2285 344 2358 Neque
362 2281 438 2338 inter
454 2279 585 2338 homines
601 2281 686 2338 Inonl
700 2278 840 2337 honorem
857 2280 897 2339 dii
905 2285 966 2339 .de-

208 2389 269 2429 esse
276 2371 431 2428 voluerunt
443 2382 472 2427 et
481 2368 545 2426 aliis
558 2367 596 2426 de
610 2367 702 2426 causis
713 2379 743 2426 et
757 2367 835 2445 quod
845 2369 969 2429 illaBac-

208 2459 293 2517 chum
310 2470 491 2536 susceperat,
506 2458 683 2532 nutriverat,
703 2455 884 2516 educaverat.
909 2465 969 2519 Ita-

207 2569 263 2628 que
285 2549 422 2606 memoria
447 2547 510 2625 ejus
534 2547 674 2607 servanda
699 2548 763 2608 fuit.
796 2552 889 2627 Atque
909 2550 969 2610 haec

207 2657 292 2696 causa
305 2639 378 2711 suit,
396 2657 448 2695 cur
462 2636 587 2716 SIsypho
599 2637 660 2715 regi
681 2637 831 2696 Corinthio
842 2659 970 2717 appare-

209 2740 252 2784 ret
267 2746 318 2804 per
338 2745 470 2784 somnum
488 2745 611 2804 eumque
626 2726 709 2784 ludos
731 2727 762 2784 in
783 2747 866 2786 suum
878 2729 970 2786 hono·

207 2835 267 2873 rem
287 2816 437 2874 instituere
454 2813 582 2892 juberet.
606 2815 661 2873 Hic
685 2815 801 2873 monitis
820 2815 971 2896 obtempe-

207 2923 273 2962 rans
291 2902 375 2962 ludos
392 2903 544 2964 Isthmicos
558 2902 643 2976 lecit,
659 2903 710 2980 qui
721 2924 811 2981 quum
830 2904 970 2965 diuturno

207 2993 320 3051 silentio
330 3011 385 3069 per
395 2991 533 3068 latrones,
543 3003 577 3048 ut
590 2989 749 3065 dicebatur,
759 3006 969 3069 premerentur,

208 3082 336 3140 Theseus
350 3080 477 3156 expulsis
492 3079 637 3152 maleficis,
652 3079 701 3157 qui
714 3081 845 3156 regiones
855 3082 971 3143 infesta-

208 3181 286 3244 runt,
299 3168 502 3226 solennitatem
516 3167 649 3226 ludorum
662 3170 824 3227 renovavit.
839 3171 909 3230 Ideo
922 3171 971 3230 da-

209 3269 270 3314 turn
284 3253 561 3314 estAtheniensibus
572 3254 708 3312 ludorum
720 3256 896 3332 presidium,
912 3279 970 3318 ma·

209 3347 401 3424 gistratusque
412 3344 600 3402 AthenIenses
613 3345 770 3422 quotannis
786 3345 815 3402 in
829 3347 970 3407 Isthmum

209 3434 286 3492 missi
299 3433 454 3492 certamina
466 3432 650 3510 transigenda
665 3446 812 3492 curarunt.
837 3438 904 3494 Haec
925 3437 971 3494 lu—

210 3523 313 3581 dorum
327 3521 469 3580 institutio
480 3533 509 3580 et
525 3521 667 3580 dedicatio
681 3522 800 3600 quia-in
821 3525 904 3583 tertia
917 3538 971 3584 tra-

209 3611 303 3689 goedia
315 3631 332 3670 a
347 3623 433 3688 poeta
445 3607 659 3687 explicabatur,
679 3610 744 3669 ideo
756 3631 862 3670 nomen
875 3613 970 3672 Theo-

209 3703 247 3760 ris
267 3703 327 3760 sive
341 3700 510 3759 Isthmiastis
529 3699 626 3758 datum
643 3719 704 3758 esse
721 3701 887 3760 Wclclerus
910 3704 970 3762 exi-

209 3792 316 3848 sumat.

249 3883 416 3956 Fragmenta
429 3897 520 3955 pauca
530 3890 560 3936 et
572 3876 694 3936 obscura
707 3889 782 3935 sunt.
794 3880 970 3955 Hesychius:

209 3966 291 4048 [218]
312 3965 493 4043 «Ἀποστσίςν,
507 3963 605 4046 φυγών.
634 3968 762 4045 Αἰσχύλος
795 3965 971 4044 ’ίσθμιασταῖς

208 4055 313 4134 (codex
326 4053 454 4133 ἰσθάστις)
468 4053 511 4112 καί
522 4053 666 4134 Ἀλκμήνῃ,
680 4055 799 4113 sortasse
813 4057 876 4135 ipse
886 4058 973 4116 Atha-

209 4163 269 4202 mas
285 4155 343 4214 est3
361 4142 463 4201 deinde
474 4142 552 4220 apud
567 4141 688 4201 eundem
702 4165 709 4200 ε
723 4143 806 4222 [219]
819 4144 972 4222 ι’ίαμθίς.»

208 4230 339 4311 Αἰσχύλος
349 4234 464 4313 Θεωροῖς
478 4232 496 4304 ἢ
510 4233 698 4311 Ἰσθμιασταῖς.
715 4237 778 4300 Τοῖς
798 4236 971 4316 κιθαρίζουσιν

209 4319 316 4387 ὁαύλθς
336 4318 424 4400 συνῄει
451 4320 495 4380 καί
510 4323 536 4380 αί
553 4327 671 4382 τοιαῦται
684 4322 824 4404 κιθαρίσας
853 4323 972 4402 ἐλέγοντο

209 4408 398 4490 πτριαμύίδες,
416 4410 534 4470 fortasse
549 4411 649 4470 naeniae
662 4411 861 4490 intelliguntur
875 4415 903 4470 in
915 4413 971 4472 ho-

207 4517 307 4557 norem
327 4499 480 4558 llelicertae
499 4512 626 4558 cantatae.
650 4500 694 4559 cf.
710 4501 843 4560 Philostr.
862 4507 930 4562 Her.
943 4525 970 4582 p.

208 4596 274 4660 74⁰·
295 4584 386 4654 Ψύίος
400 4589 476 4666 apud
493 4590 625 4647 Photiurn
643 4588 680 4648 ad
694 4591 866 4649 Melicertam
888 4595 971 4650 Wel-

207 4677 308 4736 clerus
325 4697 343 4735 a
365 4677 517 4756 putredine
538 4676 709 4737 servandum
725 4680 831 4737 retulit.
845 4685 895 4738 Est
916 4701 969 4740 au-

209 4778 264 4824 tem
279 4765 375 4826 Photii
390 4767 471 4826 locus
487 4769 527 4826 ita
537 4777 695 4844 conceptus
710 4787 739 4844 p.
752 4768 820 4839 655,
841 4789 874 4826 ιτ
887 4791 893 4824 :
908 4771 968 4830 Illo:

208 4854 250 4912 ἐπὶ
263 4859 306 4914 τοῦ
320 4859 422 4936 σαπροῦ
435 4856 480 4916 καί
492 4853 528 4934 μὴ
546 4852 762 4937 συναρίσκοντος·
777 4855 834 4916 ἔστι
851 4855 879 4916 dl
902 4861 969 4917 αἰπο-

207 4947 370 5016 κομματιιιοῦ
386 4941 509 5011 λεξειδίου
520 4966 526 4979 ·
539 4941 618 5026 ψύθον
629 4941 681 5026 γὰρ
704 4947 837 5004 καλοῦσιν.
850 4945 969 5029 Ἀριστο·

1059 1069 1150 1138 utto
1168 1063 1282 1160 γροίσου
1292 1086 1327 1155 γε
1338 1059 1389 1128 καὶ
1399 1056 1517 1126 κοθοίου
1531 1060 1584 1124 καὶ
1599 1058 1712 1149 ῥύπου,

1009 1192 1073 1252 coll.
1100 1186 1284 1264 Theognosto
1308 1182 1338 1240 in
1361 1179 1481 1240 Belleri
1500 1175 1603 1236 Anecd.
1628 1195 1659 1254 p.
1688 1175 1756 1242 1432

1009 1277 1216 1342 Perobseurum
1238 1270 1316 1330 aliud
1328 1269 1519 1348 Fragmentum
1533 1277 1577 1324 est
1588 1263 1666 1342 apud
1680 1263 1765 1320 Athe·

1010 1389 1112 1438 narum,
1121 1366 1172 1444 qui
1181 1363 1217 1422 de
1226 1361 1312 1420 variis
1322 1359 1504 1418 saltationum
1513 1353 1666 1434 generibus
1673 1351 1766 1430 dispu-

1011 1473 1073 1518 tans
1087 1456 1148 1515 haec
1159 1452 1273 1529 scripsit
1286 1451 1366 1522 XIV,
1376 1467 1408 1528 p.
1423 1448 1491 1521 629,
1506 1447 1528 1503 F
1543 1465 1550 1500 ι
1565 1431 1619 1502 Ἦν
1634 1439 1664 1499 δί
1675 1438 1766 1520 terby

1011 1551 1062 1606 τῶν
1077 1538 1296 1603 ἀποσκοπούντων
1311 1532 1341 1595 sd
1358 1537 1451 1616 σχῆμα
1463 1531 1545 1616 ἄκραν
1558 1527 1606 1602 rba
1617 1537 1698 1610 χεῖρα
1709 1526 1768 1607 ύπὲρ

1010 1641 1056 1696 τοῦ
1078 1629 1200 1712 μετώπου
1221 1623 1434 1708 κεκυρτωκότων·
1457 1617 1614 1700 μνημονεύει
1640 1615 1768 1698 Αἰσχύλος

1012 1729 1039 1784 ἐν
1049 1725 1178 1804 Θεωροῖς·
1322 1724 1327 1734 “

1012 1840 1769 1949 [ἰνίίΚαὶμήνπαλαιῶντῶνθέσοισκωπευμσίτων.

1013 1979 1050 2031 Et
1076 1967 1238 2046 Hesychius
1264 1964 1299 2022 de
1326 1962 1383 2021 hoc
1406 1962 1488 2019 loco:
1507 1955 1770 2034 «Exomopdruw

1013 2065 1105 2142 σχῆμα
1118 2061 1166 2129 τῆς
1176 2053 1263 2137 χειρὸς
1276 2050 1340 2136 πρὸς
1352 2049 1384 2110 τί
1394 2046 1515 2130 μέτωπον
1524 2043 1675 2125 τιθεμένης,
1686 2042 1772 2126 &amp

1014 2141 1242 2208 ἀποσκοπούντων.
1269 2140 1389 2200 Photius
1416 2159 1445 2218 p.
1470 2137 1537 2210 527,
1556 2137 1587 2192 6:
1602 2136 1773 2213 Σκύπευμσ·

1014 2241 1108 2317 σχῆμα
1134 2229 1284 2314 σατυρικὸν,
1300 2231 1335 2297 ὡς
1356 2225 1401 2286 καί
1421 2231 1435 2285 θ
1457 2222 1574 2292 σκωπύς·
1587 2221 1670 2290 ,οὕτως
1698 2226 1775 2303 Αίσχ.

1013 2329 1119 2387 lterum
1140 2320 1325 2399 Hesychius:
1345 2313 1511 2378 Ὑπύσκαπον
1535 2312 1616 2396 χέρα·
1633 2311 1775 2394 Αἰσχύλος·
1822 2355 1823 2362 .

1013 2413 1102 2496 ὥσπερ
1115 2415 1140 2470 οῖ
1150 2413 1358 2473 ἀποσκοποῦντες
1365 2403 1433 2466 ούτω
1442 2401 1542 2462 κελεύει
1554 2401 1775 2483 σχηματίσαιτὴν
1823 2384 1824 2464 l

1013 2511 1100 2584 χεῇα,
1114 2495 1234 2578 καθάπερ
1247 2493 1305 2563 τούς
1321 2498 1412 2561 Πᾶνας
1421 2497 1535 2553 ποιοῦσι.
1550 2493 1651 2570 Σχῆμα
1665 2489 1696 2549 δι’
1709 2492 1776 2549 ἐστιν
1824 2508 1825 2592 y

1014 2589 1190 2675 θρχηοτικθνθ
1203 2583 1297 2653 σκοπός
1312 2585 1384 2663 (εἰσ).
1403 2582 1549 2641 νοήσεσι
1567 2601 1583 2637 a
1599 2580 1669 2638 viris
1687 2579 1776 2638 doctis
1824 2593 1825 2622 ³

1014 2683 1050 2741 de
1063 2681 1107 2739 his
1118 2675 1282 2756 fragmentis
1289 2674 1481 2752 disputatum,
1494 2670 1564 2728 nihil
1572 2669 1643 2727 certi
1654 2681 1776 2727 erutum.

1014 2773 1115 2848 ltaque
1124 2768 1212 2826 satius
1223 2764 1387 2843 putavimus
1397 2781 1431 2820 ea
1437 2759 1586 2839 preterire
1597 2777 1683 2836 quarn
1694 2757 1776 2816 refer
1826 2752 1827 2832 ί

1015 2880 1056 2934 rc,
1069 2877 1133 2938 quae
1147 2857 1196 2915 vix
1210 2851 1371 2932 probabilia
1387 2870 1448 2909 esse
1461 2848 1623 2908 videantur.

1236 2970 1558 3119 ινιιῖιῖυἶνιι.

1056 3187 1101 3242 An
1114 3181 1265 3257 AEschylus
1277 3175 1433 3256 Iphigeniae
1446 3173 1562 3232 nomine
1579 3173 1725 3251 trilogiam
1739 3175 1776 3231 in-

1015 3271 1184 3349 scripserit,
1207 3265 1334 3326 dubitari
1362 3275 1466 3343 potest.
1487 3262 1652 3322 Welclrerus
1685 3273 1776 3320 tamen

1016 3358 1132 3441 Ὶερσίας,
1145 3350 1350 3433 Θαλαμοποιούς
1358 3363 1388 3410 et
1395 3353 1571 3428 Iphigenicrm
1582 3369 1638 3408 uua
1659 3349 1776 3428 trilogiae

1015 3445 1231 3506 continuatione
1249 3439 1414 3518 conjunxit,
1432 3440 1533 3516 inquo
1555 3439 1649 3497 virum
1672 3437 1776 3496 doctis·

1015 3538 1119 3596 simum
1135 3535 1225 3594 secuti
1235 3552 1344 3602 sumus,
1355 3530 1423 3608 quia
1432 3549 1517 3587 nemo
1531 3527 1585 3586 luit
1594 3528 1645 3606 qui
1660 3529 1776 3587 meliora

1015 3626 1264 3782 dohusegiilirentum
1271 3698 1421 3776 AEschylus
1431 3698 1583 3757 maximam
1595 3709 1707 3775 partem
1718 3699 1775 3776 ipse

1015 3793 1150 3872 exposuit
1164 3792 1194 3850 in
1210 3787 1362 3868 tragoedia,
1385 3805 1471 3864 quam
1484 3786 1708 3864 Agamemnonis
1730 3806 1775 3842 nn

1017 3888 1093 3943 mine
1120 3882 1277 3961 inscripsit.
1303 3878 1488 3957 congregatis
1514 3875 1645 3937 Aulidem
1672 3877 1775 3934 Grecis

1016 3981 1192 4052 Agamemno
1211 3972 1287 4030 inter
1305 3987 1401 4027 moras
1419 3965 1488 4025 belli
1506 3967 1633 4025 animum
1647 3965 1775 4024 venando

1015 4065 1046 4124 in
1065 4064 1160 4122 vicina
1178 4061 1251 4120 silva
1266 4058 1414 4118 oblectans
1437 4075 1552 4116 cervam
1572 4055 1696 4128 occidit,
1717 4075 1776 4133 quae

1017 4153 1116 4213 Dianae
1128 4170 1206 4208 sacra
1219 4148 1283 4207 fuit.
1297 4151 1362 4220 Qua
1375 4144 1451 4204 caede
1463 4143 1611 4222 indignata
1626 4142 1680 4202 dea
1696 4144 1776 4200 mala-

1016 4241 1088 4298 ciam
1114 4239 1191 4297 misit
1212 4237 1320 4295 Graecis
1340 4235 1459 4312 aliisque
1480 4230 1692 4290 calamitatibus
1708 4232 1775 4290 adeo

1016 4329 1118 4388 afflixit
1132 4327 1299 4398 exercitum,
1312 4337 1344 4382 nt
1356 4324 1449 4381 Graeci
1463 4341 1573 4380 summa
1586 4322 1718 4380 omnium
1731 4341 1775 4380 re-

1016 4436 1079 4474 rnm
1099 4415 1199 4493 inopia
1219 4411 1383 4474 laborarent
1404 4431 1498 4488 neque
1519 4409 1672 4488 quisquam
1697 4411 1775 4470 sciret

1017 4503 1092 4560 uncle
1106 4503 1245 4560 auxilium
1261 4511 1359 4580 posset
1372 4500 1442 4578 peti.
1457 4503 1549 4557 Causa
1560 4509 1656 4557 autem
1666 4499 1774 4558 calami·

1017 4595 1082 4652 tatis
1097 4605 1245 4672 comperta
1264 4591 1357 4650 Graeci
1371 4591 1558 4652 vehementer
1569 4589 1774 4667 Agamemnoni

1015 4681 1227 4755 irascebantur,
1248 4679 1474 4744 donecCalchas
1493 4690 1574 4738 vates
1596 4677 1686 4736 liliam
1703 4684 1774 4755 Aga-

1016 4770 1190 4844 memnonis,
1210 4768 1402 4847 Iphigeniam,
1424 4766 1514 4847 patris
1535 4765 1669 4840 delicias,
1693 4765 1774 4824 decus

1015 4859 1135 4932 domus,
1155 4877 1219 4937 que
1236 4877 1311 4937 saepe
1325 4860 1440 4918 Graecos
1454 4867 1541 4916 cantu
1558 4853 1714 4914 delectarat
1726 4873 1774 4934 pa-

1016 4949 1123 5026 trisque
1138 4961 1246 5008 sortem
1259 4948 1414 5021 extulerat,
1435 4945 1496 5006 dee
1516 4946 1597 5004 iratae
1614 4941 1773 5002 medican-

959 5119 1026 5170 220.

786 5201 868 5259 Plena
882 5202 952 5260 situs
966 5211 995 5262 et
1007 5203 1135 5260 madoris.
