3650 5798
218 435 274 488 ΣΝ

216 571 298 650 [145]
352 565 416 633 Καὶ
432 559 507 645 πεζὰ
522 566 574 632 καὶ
590 568 754 657 pappiana.

218 707 284 768 Vid.
299 708 397 768 AEsch.
417 714 459 767 ltu
474 707 514 766 ait
528 705 650 786 intelligi
668 724 765 786 posse,
780 725 833 762 cur
846 709 980 762 Anteno-

218 800 259 858 ris
279 797 382 858 domus
403 811 628 859 commemorata
647 799 692 858 sit.
714 797 811 858 Schol.
834 793 981 872 Aristoplr.

219 886 256 945 ad
273 895 326 946 Ar.
345 890 400 964 931,
414 913 421 946 :
437 885 552 960 Σπολῖις,
567 885 675 970 διφθέρα
698 889 829 947 ὁποιαοῦν.
846 883 982 964 Σοφοκλῆς

219 973 313 1034 Αίαντι
325 977 429 1056 Λοκρῷ·

218 1114 300 1195 [tls]
540 1111 760 1180 Καταστίκτου
777 1113 863 1187 κυνὸς

324 1225 439 1306 σπολὰς
457 1217 848 1320 Αίθυσσα,παρδαληριίρον
866 1215 963 1316 δέρος.

219 1371 260 1433 Τδ
275 1370 304 1431 dl
319 1371 477 1454 Σοφόκλειον
491 1372 535 1432 ἐπὶ
549 1376 595 1434 τοῦ
607 1371 735 1454 δίρματσς
748 1369 850 1454 εἴρηται
863 1373 908 1428 τοῦ
920 1391 980 1449 xpa-

219 1458 338 1539 [καμίνου
353 1461 417 1542 πρὸς
437 1465 469 1542 πῆ
489 1467 535 1522 τοῦ
557 1460 708 1543 Ἀντῆνορας
727 1458 804 1542 σίκίορ.
822 1459 894 1519 Ροίί.
916 1460 981 1527 v11,

219 1557 441 1713 ριρζρνΣπολθις...
458 1560 594 1640 Σοφοκλῆς
615 1559 638 1617 δ’
664 1555 745 1630 αὐτὴν
766 1555 903 1616 Αίθιισσαν
927 1557 983 1614 δνο-

320 1756 425 1826 Σπολθις
438 1759 561 1820 Attum
571 1757 775 1844 παρδαληφιίρον
794 1756 873 1840 δέρος.

218 1879 348 1938 Errstath.
366 1899 395 1957 p.
419 1879 475 1947 405
491 1899 526 1938 ex
538 1880 633 1940 Strab.
656 1900 685 1959 p.
708 1881 765 1940 608
777 1904 784 1940 :
798 1878 880 1959 [147]
894 1881 982 1960 Σοφο-

219 1968 283 2036 κλῆς
303 1968 402 2047 ίοτορεί
421 1968 448 2024 ἐν
468 1965 568 2026 ἇλώσει
586 1967 664 2028 Ἰλίου
678 1967 830 2048 παρδαλέην
844 1972 892 2041 τῆς
905 1966 983 2049 θύρας

218 2058 376 2134 προτεθῆναι
389 2059 435 2114 τοῦ
448 2054 607 2138 Ἀντήνορος,
626 2053 759 2134 αθμθολον
774 2061 820 2117 τοῦ
834 2057 981 2139 ἀπόρθητον

220 2143 330 2213 ἰαθῆναι
346 2141 395 2214 τῆν
410 2141 505 2202 οἰκίαν·
522 2143 567 2204 τὸν
582 2145 610 2204 δῖ
624 2144 680 2224 ἅμα
696 2144 772 2205 natal
785 2144 853 2224 μετὰ
865 2148 918 2206 τῶν
932 2169 984 2205 πε-

221 2228 393 2310 ριγινομένων
425 2229 539 2291 Ἔνίτων
572 2235 608 2301 εἴς
648 2229 759 2316 Θρᾴκην
791 2237 982 2316 παρισωθῆναι,

220 2318 338 2378 κάκεῖθεν
365 2318 511 2381 διεκπεσεῖν
538 2322 574 2388 εἴς
596 2319 644 2392 τὴν
670 2322 697 2380 ἐν
721 2325 759 2402 τῷ
778 2321 867 2405 Ἀδρίας
881 2320 982 2384 ‘Evert-

220 2403 279 2478 κῆν.
311 2406 435 2468 Videtur
463 2409 553 2487 igitur
579 2411 756 2488 expugnatio
783 2409 880 2488 Trojae
912 2411 983 2468 mul·

220 2494 258 2553 tis
270 2509 385 2554 narrata
402 2515 473 2556 esse.
487 2497 679 2560 Adversarius
698 2497 780 2577 Ajaci
801 2498 908 2578 objecit
932 2519 980 2577 ap.

220 2583 368 2644 Stobaeum
380 2586 479 2665 Eclog.
496 2587 579 2666 phys.
597 2592 621 2660 1,
636 2597 664 2660 4,
678 2589 735 2647 vol.
755 2594 780 2667 1,
794 2608 822 2666 p.
841 2589 911 2648 130:
927 2589 983 2648 Σο-

220 2671 346 2751 φοκλέους
360 2673 465 2753 [Αἴαντι
481 2695 580 2754 margo
594 2678 721 2756 Crateti)
735 2700 743 2736 ε

220 2823 301 2906 [148]
313 2825 350 2894 Εἰ
365 2817 435 2894 δείν’
446 2819 590 2918 ἔδρασας,
603 2819 687 2896 decrit
699 2830 750 2897 καὶ
762 2830 866 2897 παθεῖν
879 2856 912 2897 σε
924 2822 981 2900 δεῖ.

318 2939 411 3020 Δίκας
429 2933 457 3008 δ’
473 2937 638 3036 έξιλαμψεν
656 2947 736 3012 ὅσιον
749 2945 837 3036 φοίος.

220 3091 299 3148 Alter
311 3110 413 3149 versus
435 3104 513 3150 certe
534 3112 592 3151 non
606 3107 649 3152 est
670 3093 823 3171 Sophoclis
834 3118 842 3168 3
855 3097 983 3173 priorem

221 3177 290 3238 citat
302 3179 388 3238 etiam
402 3177 579 3258 Theophilus
590 3177 632 3236 Ad
648 3180 742 3239 Autol.
756 3185 799 3256 11,
812 3181 863 3256 su,
874 3204 902 3262 p.
917 3187 982 3247 258.

220 3266 326 3327 Similis
359 3266 500 3326 sententia
525 3265 687 3348 Σοφοκλέους
717 3265 811 3329 Αἴαντι
848 3271 985 3333 tribuitur

220 3355 297 3433 apud
315 3354 397 3415 Stob.
410 3356 469 3414 Ecl.
484 3355 567 3434 phys.
582 3361 605 3430 1,
624 3376 648 3428 r,
663 3376 693 3436 p.
712 3366 785 3427 124:

220 3509 301 3589 [ιιι]

300 3613 442 3716 δέδορκεν
459 3623 562 3717 ὄμμα,
578 3623 629 3690 τὸν
646 3613 674 3688 δ’
693 3617 799 3693 ἄδικον
813 3623 982 3720 οίμείθεται.

462 3508 507 3574 Τὸ
523 3507 646 3600 χρύσεον
664 3499 698 3574 δὲ
711 3513 767 3589 τοῖς
784 3509 879 3592 Δίκας

219 3762 342 3816 Versum
367 3759 482 3817 Doricis
507 3759 606 3817 formis
638 3757 793 3818 verborum
817 3777 984 3842 permotus,

770 414 978 484 sorflocus
1002 414 1255 482 FRAGMENTA.

1036 547 1228 626 compositum
1250 549 1336 608 luisse
1362 549 1502 610 credibile
1524 564 1583 612 est.
1611 551 1694 628 Ajax
1712 557 1795 610 Lucra

1035 635 1159 714 quodam
1172 649 1256 714 pacto
1265 637 1365 698 similis
1379 638 1433 698 luit
1443 639 1598 699 Palamedi
1613 639 1766 716 tragoedia
1775 645 1796 698 Ia

1034 723 1082 781 illa
1103 724 1267 784 innocentia
1286 745 1425 805 oppressa
1438 741 1499 800 est;
1513 729 1546 786 in
1563 727 1667 805 Ajace
1680 729 1752 785 sonti
1762 729 1797 786 irr-

1035 811 1151 888 punitas
1164 811 1283 872 tributa.
1297 820 1337 874 At
1348 835 1454 874 numen
1475 817 1629 874 Minervae
1654 829 1798 873 exstensa

1035 912 1091 970 est,
1104 900 1183 976 quod
1199 900 1322 960 humana
1333 903 1505 982 negligentia
1517 905 1667 983 deliquit.
1676 903 1724 963 Ob
1738 907 1799 961 unias
1822 939 1823 962 ;

1035 989 1126 1047 scelus
1140 1007 1239 1048 omnes
1250 1003 1317 1048 sunt
1328 1011 1426 1077 poenas
1440 991 1556 1066 daturi,
1575 1007 1613 1051 nt
1626 993 1662 1052 in
1676 1005 1800 1070 posterna
1822 1049 1823 1072 φ

1036 1078 1163 1136 revereri
1176 1077 1246 1160 deos
1259 1077 1380 1136 discant.
1822 1073 1823 1086 ¹

1342 1241 1494 1265 ⁴000·—

1281 1349 1560 1412 ANTENOIlIDAE.

1075 1486 1261 1547 Antenoridae
1276 1486 1306 1544 in
1327 1497 1498 1562 argumento
1521 1487 1627 1565 Aiacis
1650 1488 1800 1546 reseruntur

1036 1579 1064 1637 in
1070 1590 1112 1636 ter
1123 1576 1253 1636 dramata
1269 1575 1393 1656 Τροιῖκῆς
1406 1575 1610 1656 πραγματείας.
1623 1581 1705 1648 Quae
1722 1589 1800 1654 trega
1822 1601 1823 1638 ι

1037 1667 1084 1726 dia
1095 1664 1280 1738 continuerit,
1291 1675 1357 1721 sunt
1367 1663 1417 1740 qui
1427 1682 1443 1721 a
1453 1663 1610 1723 Strabone
1620 1687 1655 1744 p.
1665 1667 1725 1724 608
1733 1687 1798 1742 expo

1036 1757 1090 1814 sita
1104 1765 1216 1834 putent,
1228 1771 1293 1830 quae
1307 1751 1407 1809 eadem
1419 1753 1597 1811 Eustathius
1612 1775 1646 1832 p.
1666 1757 1725 1820 405
1739 1773 1797 1831 repe

1037 1845 1099 1915 tiit;
1111 1841 1161 1902 sed
1176 1860 1240 1918 quae
1253 1838 1344 1914 addit,
1357 1859 1427 1898 care
1439 1839 1496 1900 huc
1512 1843 1644 1902 reseras.
1659 1843 1797 1919 Descripsi

1037 1953 1100 1992 mus
1119 1933 1215 1990 locum
1244 1929 1274 1987 in
1303 1926 1391 2004 Ajace
1414 1933 1518 1988 Locro.
1543 1935 1588 1987 At
1620 1931 1799 2008 fragmentum

1036 2019 1114 2100 apud
1136 2018 1318 2078 scholiastam
1347 2015 1384 2075 ad
1406 2023 1475 2076 Ares
1507 2019 1734 2097 Aristophanis
1759 2020 1799 2084 au

1036 2109 1104 2169 satis
1122 2107 1207 2166 docet
1221 2105 1300 2183 Ajaci
1315 2110 1412 2165 Locro
1428 2105 1526 2164 omnia
1542 2126 1614 2166 esse
1638 2109 1797 2166 riudicand:

1035 2215 1130 2276 neque
1144 2195 1301 2273 quidquam
1322 2192 1390 2252 inde
1405 2197 1441 2251 ad
1457 2195 1725 2254 Antenoridarum
1738 2217 1801 2273 argu
1822 2233 1823 2244 ι

1037 2297 1163 2344 mentum
1177 2281 1276 2340 referri
1291 2299 1384 2360 posse.
1398 2283 1470 2340 Sunt
1481 2283 1543 2359 qui,
1562 2283 1644 2340 dum
1666 2284 1755 2360 Troja
1767 2305 1801 2338 ee

1036 2385 1163 2452 peretur,
1177 2370 1207 2428 in
1222 2369 1376 2428 Antenoris
1389 2369 1476 2427 domo
1486 2369 1524 2427 de
1543 2370 1617 2447 Iuga
1635 2373 1802 2449 reliquisque

1035 2460 1136 2532 rebus,
1159 2478 1222 2536 quae
1245 2457 1276 2515 in
1299 2458 1514 2536 expugnatione
1535 2457 1624 2516 lactae
1645 2461 1803 2536 sint,expo

1035 2551 1121 2608 situm
1142 2566 1204 2606 csse
1222 2557 1356 2604 censeant
1371 2565 1387 2604 a
1403 2543 1588 2623 ducibusque
1611 2565 1685 2605 esse
1707 2547 1805 2604 consu?-

1036 2649 1126 2696 tatum
1142 2633 1213 2712 quid
1227 2631 1351 2710 amplius
1367 2631 1530 2691 laciendum
1548 2633 1601 2691 sit.
1623 2641 1671 2692 At
1686 2653 1758 2694 sane
1770 2637 1805 2692 in-

1037 2723 1127 2802 telligi
1153 2741 1213 2782 non
1237 2733 1343 2801 potest,
1365 2741 1424 2798 quo
1446 2719 1535 2779 modo
1560 2721 1645 2780 inter
1670 2723 1804 2782 cadesa

1036 2811 1177 2869 tumultus
1191 2821 1221 2868 ct
1239 2809 1394 2867 certamina
1409 2809 1465 2866 ulla
1481 2809 1598 2884 domus,
1619 2813 1747 2870 etiamsi
1767 2811 1805 2868 de-

1037 2900 1116 2958 fensa
1128 2909 1202 2958 esset
1214 2897 1289 2976 pelle
1302 2896 1449 2975 pantherae
1456 2939 1465 2969 ,
1475 2896 1549 2955 adeo
1570 2899 1746 2976 tranquilla
1759 2920 1805 2958 esse

1035 2988 1174 3066 potuerit,
1194 2997 1227 3043 ut
1245 2985 1288 3043 ibi
1310 2985 1399 3044 duces
1420 2985 1627 3058 convenirent,
1656 2991 1805 3047 sententia

1037 3087 1229 3153 rogarentur,
1254 3073 1384 3148 abirent,
1408 3071 1544 3132 redirent
1564 3073 1682 3151 Neque
1711 3076 1804 3153 reliqna

1037 3163 1223 3222 conveniunt.
1240 3161 1315 3220 Nihil
1329 3162 1405 3221 enim
1419 3161 1456 3219 de
1471 3162 1559 3220 domo
1575 3166 1749 3224 Antenoris
1760 3185 1804 3222 rce-

1037 3250 1136 3310 tuoriae
1160 3248 1308 3328 proditum
1332 3261 1376 3306 est
1396 3247 1452 3306 nisi
1473 3249 1582 3308 salvam
1612 3249 1705 3310 illam
1733 3253 1804 3310 sarissa

1037 3357 1174 3417 suspensa
1186 3337 1262 3415 pelle
1274 3336 1396 3415 parduli,
1415 3356 1479 3416 quae
1500 3338 1611 3397 Graecis
1622 3339 1721 3417 signo
1735 3353 1803 3408 esset,

1037 3447 1073 3486 ne
1094 3425 1172 3485 illam
1193 3445 1310 3503 quoque
1335 3425 1453 3484 domum
1473 3431 1549 3484 cum'
1568 3425 1702 3504 reliquis
1733 3449 1803 3486 err-r-

1038 3527 1139 3573 terent.

1076 3601 1142 3661 Filii
1175 3601 1331 3660 Antenoris
1365 3613 1563 3660 memorantur
1602 3601 1642 3660 ab
1682 3606 1802 3663 Homero

1036 3695 1161 3767 Agenor,
1181 3697 1315 3762 Acamas,
1335 3690 1491 3764 Helicaon,
1507 3687 1680 3762 Leodocus,
1697 3692 1802 3750 Pedaus

1035 3778 1155 3856 nothus,
1167 3776 1343 3854 Iphidamas,
1360 3782 1452 3848 Coon,
1471 3776 1609 3854 Polybus,
1625 3781 1802 3844 Demoleom

221 3867 291 3925 quas
305 3848 458 3908 Athenaeus
472 3864 589 3926 quoque
605 3859 724 3906 testatur
736 3854 812 3920 XII,
825 3870 855 3929 p.
870 3852 939 3932 546,
952 3860 984 3930 B,
1037 3879 1095 3924 tres
1105 3885 1122 3923 a
1131 3865 1250 3942 Virgilio
1261 3864 1334 3944 (AEn.
1348 3870 1400 3938 vt,
1413 3865 1491 3944 484),
1503 3866 1641 3934 Glaucus,
1655 3867 1770 3926 Medon
1781 3877 1802 3922 tl

220 3933 982 4018 τὸΧθῦῦῑθνίμματθτᾶςᾹίχαςνθθΟΐθθάθθΓῑΡὸθΓῖῐθ·
1036 3952 1250 4025 Thersilochus,
1275 3973 1399 4030 quorum
1421 3953 1499 4010 nulla
1522 3973 1568 4011 res
1585 3965 1668 4030 gesta
1692 3955 1802 4032 praela-

220 4027 364 4080 Incertum
385 4037 437 4096 est,
460 4025 506 4082 cni
528 4025 566 4083 sit
586 4023 775 4084 vindicandus
794 4045 894 4088 versus
907 4032 984 4110 apud

220 4107 366 4168 Stobaeum
376 4115 514 4182 XCVIII,
536 4121 569 4182 td
581 4133 588 4168 ι
601 4105 738 4194 Σοφοκλῆς
751 4113 864 4174 Αἴαντι·

219 4240 302 4320 [150]
330 4217 494 4330 Ανθρωπός
510 4241 575 4305 ἐστι
591 4249 709 4333 πνεῦμα
724 4244 775 4310 καὶ
792 4243 862 4312 σκιὰ
879 4247 981 4338 μόνον.

219 4385 322 4457 Neque
343 4379 438 4439 minus
461 4378 572 4439 incerta
592 4395 635 4440 est
654 4385 818 4461 explanatio
831 4387 982 4466 fragmenti

218 4467 296 4546 apud
321 4468 443 4528 Antiatt.
472 4488 501 4547 p.
529 4491 577 4545 97,
612 4479 628 4540 4
663 4491 670 4527 2
706 4471 788 4551 [151]
814 4499 826 4527 ι
850 4473 983 4544 Ἑλλὰς»

218 4553 321 4638 θᾶνῆρ.
344 4557 482 4639 Σοφοκλῆς
502 4555 598 4616 Αἴαντι
612 4561 716 4640 Λοκρῷ.

209 4629 212 4668 ¹
257 4643 383 4704 Chorum
404 4658 453 4705 aut
473 4665 510 4705 ex
523 4646 721 4707 sacerdotibus
735 4661 785 4707 aut
806 4670 842 4709 ex
864 4653 982 4714 Achivis

1037 4042 1097 4100 rior
1127 4053 1315 4114 memoratur,
1343 4061 1407 4118 quae
1427 4055 1628 4119 argumentum
1661 4043 1801 4121 trageoedie

1036 4130 1173 4189 idoneum
1189 4129 1315 4207 satisque
1334 4149 1421 4207 grave
1434 4129 1572 4189 exhibere
1586 4133 1732 4208 potuerit.
1747 4136 1799 4208 Ipse

1035 4223 1166 4277 Antenor
1182 4230 1288 4298 praeter
1300 4218 1464 4278 inimicitias
1483 4239 1549 4276 cum
1574 4219 1694 4277 Priamo
1709 4221 1798 4277 amiei-

1036 4307 1162 4385 tiamque
1175 4327 1242 4364 cum
1256 4307 1363 4366 Graecis
1377 4306 1454 4366 nulla
1473 4307 1526 4388 alin
1543 4327 1574 4366 re
1590 4307 1738 4379 innotuit,
1753 4307 1795 4364 nisi

1035 4395 1116 4472 quod
1130 4395 1160 4453 in
1183 4395 1267 4452 litore
1291 4396 1377 4453 maris
1397 4395 1537 4454 Adriatici
1564 4395 1600 4454 ad
1618 4396 1732 4453 ostium
1753 4397 1795 4453 Ti-

1035 4483 1113 4540 mavi
1123 4481 1265 4540 coloniam
1275 4480 1492 4560 condiditapud
1502 4485 1636 4540 Venetos.
1646 4487 1717 4554 Qua
1729 4483 1757 4539 in
1771 4499 1794 4537 re

1036 4589 1125 4647 quum
1146 4571 1232 4628 etiarn
1248 4569 1297 4628 lilii
1318 4570 1389 4628 socii
1403 4582 1599 4628 memorentur
1618 4590 1637 4629 a
1660 4572 1793 4648 Tragieis,

1036 4678 1093 4715 non
1105 4656 1261 4716 dubitarim
1278 4657 1430 4735 quiaillud
1443 4671 1645 4735 argumentum
1657 4659 1793 4738 tragedia

217 4745 1793 4781 ———————-—-——-———-

572 4817 630 4869 145.

324 4917 359 4973 Et
371 4932 449 4990 prosa
463 4917 552 4975 oratio
564 4924 593 4974 et
604 4927 722 4976 cantata.

567 5027 628 5080 146.

587 5129 726 5202 variegati
739 5132 815 5190 canis

323 5205 426 5264 cauria
439 5205 551 5280 Libyca
562 5206 687 5281 pardales
701 5209 789 5282 pellis.

1106 4902 1146 4957 Te
1158 4901 1206 4974 qui
1218 4901 1356 4974 patravisti
1369 4827 1508 4970 dirisi-dira
1521 4900 1603 4957 etlam
1616 4901 1672 4972 pati
1683 4909 1788 4975 oportet

1105 4980 1225 5039 Iustitiae
1237 4995 1301 5039 raro
1314 4990 1449 5038 sacratum
1460 4979 1568 5037 effiusit
1575 4979 1668 5053 jubar.

1352 5064 1461 5194 Adicis
1474 5144 1566 5194 autem
1576 5135 1692 5210 justitie

1104 5214 1200 5274 oculus
1212 5213 1350 5290 adspexit3
1365 5215 1500 5290 injustum
1511 5230 1575 5274 vero
1586 5215 1693 5273 uarat
