3680 5790
576 472 786 539 sopfloctts
806 469 1059 532 Fateatuttta.
1556 493 1607 548 311

26 625 156 701 Λογγῖνος
179 616 362 700 duptam„
376 617 403 674 ἓν
425 615 463 692 τῷ
484 610 533 674 „1
553 609 603 668 ,gp
625 603 793 684 Φιλολόγων.
847 619 911 657 rum
925 599 1101 659 draconibus
1107 599 1238 678 junctum
1250 605 1375 680 tradidit,
1386 609 1494 686 quibus
1504 615 1613 684 vehens

26 715 218 776 Ruhnkenins
230 712 259 771 ad
268 709 381 770 addidit
390 707 516 766 scribens
526 705 556 764 οὐ
573 705 703 777 μιμεῖται,
716 693 793 774 quod
847 690 947 748 Orbem
960 701 1100 748 terrarum
1111 690 1243 769 frugibus
1256 691 1379 755 obsevit.
1394 704 1551 779 Postquam
1561 707 1614 766 do-

26 796 249 856 ronrenientias
263 811 325 851 esse
340 789 498 860 videretur,
516 786 572 845 nisi
586 784 734 862 Longinus
750 789 795 842 De
847 795 926 836 mum
938 777 1044 852 rediit,
1055 779 1158 839 Celeus
1170 799 1235 840 eum
1250 801 1305 860 pro
1319 782 1470 846 benefacto
1492 791 1613 852 interfici

25 885 99 944 subp
115 905 142 944 ο.
169 885 185 942 3
197 882 260 940 haec
274 880 413 940 haberet:
428 872 569 946 ψλοιώδης
581 872 632 956 γὰρ
644 877 659 932 ὁ
671 871 736 953 ἀνὴρ
750 869 795 932 καί
843 865 931 942 jussit
942 888 949 924 t
959 865 1009 925 sed
1024 886 1056 926 re
1069 869 1184 945 cognita
1194 869 1278 946 jussu
1301 875 1413 934 Cereris
1434 878 1614 956 Triptolemo

25 976 117 1054 φυσῶν
135 969 205 1031 κατὰ
222 966 361 1049 Σοφοκλέα
375 973 496 1046 σμικροῖς
515 962 562 1041 μὲν
576 960 725 1022 adhierunt
735 983 797 1043 qop-
848 973 969 1032 regnum
979 953 1080 1032 dedit,
1096 956 1175 1033 qaod
1192 977 1227 1016 ex
1242 961 1333 1036 patris
1357 963 1475 1023 nomine
1501 969 1614 1028 Eleusi-

25 1061 101 1130 εειᾶς
125 1059 200 1140 ἄτερ.
222 1059 325 1118 Cicero
346 1075 446 1115 versu,
463 1071 592 1112 ,emm
617 1051 732 1109 viderur
758 1048 794 1107 ad
848 1060 917 1099 num
929 1042 1109 1121 nominavit,
1123 1045 1242 1124 fierique
1259 1067 1372 1107 sacram
1390 1051 1535 1130 instituit,
1552 1077 1616 1134 quse

25 1157 86 1210 Mt·
109 1153 151 1223 n,
171 1149 361 1206 16:«Cnaetts
384 1142 503 1223 quidem
521 1151 620 1201 noste,
630 1140 691 1219 jam
712 1138 796 1217 plane
849 1127 1008 1212 dropoqdptu
1026 1135 1127 1191 Graece
1138 1132 1284 1195 dicuntur.
1297 1163 1309 1190 a
1323 1139 1431 1198 Eadem
1443 1141 1504 1200 iere
1518 1159 1616 1202 narrat

25 1239 98 1319 qaid
115 1238 223 1314 cogitet
235 1235 350 1296 nescia:
849 1217 1082 1297 Mllh‘lssffiphfls
1091 1225 1156 1280 Vat·
1168 1225 1207 1295 Π,
1221 1244 1269 1301 99,
1279 1230 1361 1285 Serv.
1373 1226 1409 1285 ad
1417 1229 1496 1306 Virg.
1507 1237 1614 1311 Georg.

850 1309 874 1379 1,
889 1311 1038 1382 19,Lutat.
1050 1306 1085 1366 ad
1098 1311 1168 1368 stat.
1188 1311 1279 1370 Theb.
1302 1318 1341 1387 11,
1369 1315 1436 1374 382.
1455 1319 1546 1376 Paulo
1569 1318 1617 1378 di-

850 1413 934 1454 versa
960 1408 1026 1454 sunt
1056 1415 1121 1475 quae
1145 1413 1301 1460 narrantur
1327 1401 1364 1461 ab
1376 1405 1483 1482 Hygia.
1499 1411 1615 1465 Astron.

851 1486 897 1556 11,
917 1491 961 1552 ιι..
974 1485 1096 1562 Egregie
1116 1487 1152 1545 ad
1172 1490 1232 1546 baec
1247 1489 1417 1551 Welckerus
1438 1494 1616 1572 disputavit:

26 1377 114 1462 [825]
132 1373 221 1461 Φοσᾷ
232 1364 290 1464 γὰρ
308 1373 341 1436 οὐ
357 1373 523 1462 σμικροῖσιν
538 1363 689 1442 αὐλίσκοις
704 1363 762 1449 ἔτι,

134 1489 203 1555 ἀλλ’
217 1485 333 1580 ἀγρίαις
345 1485 468 1575 priuatos
484 1475 625 1577 φορὸειᾶς
638 1475 724 1571 οίτιρ.

26 1619 164 1692 Apparet
177 1613 267 1694 igitur
288 1610 463 1689 Sophoclem
481 1607 581 1668 eadem
594 1604 726 1664 versibus
747 1623 800 1661 ex·

27 1705 173 1782 pressisse
194 1722 258 1780 quae
271 1699 425 1776 AEschylus
438 1697 592 1775 praeiverit.
607 1699 698 1753 Totus
719 1692 799 1750 locus

27 1793 65 1852 ad
79 1792 225 1870 Orithyiae
239 1803 353 1869 raptum
367 1789 511 1868 pertinere
525 1785 654 1856 videtur,
674 1794 708 1840 ut
720 1780 800 1840 aliud

27 1883 225 1961 fragmentum
241 1879 319 1958 apud
334 1874 506 1947 strabun,
524 1895 554 1952 p.
567 1874 645 1950 295:
664 1870 801 1951 Σοφοκλῆς

28 1969 91 2052 περὶ
105 1973 155 2041 τῆς
169 1967 320 2051 ’Ὠρειθυίας
339 1963 424 2044 λέγων
446 1965 482 2030 ὥς
495 1965 679 2044 ἀναρπαγεῐσα
690 1958 741 2018 ὑπὸ
750 1961 802 2018 Βο-

29 2059 91 2142 ρίαυ
107 2058 247 2138 κομισθείη

28 2194 117 2280 [³26]
135 2176 215 2284 Ῠπέρ
231 2213 265 2257 τε
276 2188 389 2256 πόντον
403 2173 493 2252 πάντ’
507 2186 553 2250 ltt'
569 2182 686 2273 ἔσχατα
697 2177 801 2271 χθονὸς

137 2305 245 2383 νυκτός
261 2327 294 2371 τε
310 2294 410 2396 πηγὰς
428 2302 554 2390 οὐρανοῦ
570 2301 597 2363 τ’
609 2291 801 2386 ἀναπτοχᾰς,

138 2413 252 2487 Φοίίοο
268 2416 399 2485 παλαιὸν
415 2423 524 2488 κῆπον.
543 2462 551 2480 .
571 2460 579 2478 .
596 2462 626 2480 ..

28 2549 170 2626 Orithyia
181 2562 265 2627 rapta
272 2558 325 2606 est.
335 2539 540 2617 Nunciiyerba
549 2559 609 2600 esse
619 2537 801 2598 crediderim.

357 2684 465 2702 —-

279 2773 563 2838 TRIPTOLEMUS.

73 2909 170 2970 Valde
183 2908 298 2968 difficile
312 2919 355 2967 est
369 2919 436 2986 post
449 2919 493 2964 tot
506 2905 637 2964 virorum
650 2905 802 2966 doctorum

30 2999 193 3062 sententias
215 2998 313 3057 dicere
334 2994 441 3074 aliquid
463 2995 499 3054 de
513 2995 705 3073 Triptolemo.
718 2997 802 3058 Wei-

29 3093 140 3150 clterus
155 3087 241 3167 hujus
253 3084 379 3145 reditum
392 3103 428 3141 ex
443 3083 545 3142 itinere
558 3105 610 3162 per
624 3103 738 3144 omnem
752 3106 803 3145 or-

29 3179 103 3236 bem
116 3189 257 3236 terrarum
270 3184 405 3251 suscepta
416 3171 539 3231 describi
551 3192 568 3230 a
580 3186 665 3251 poeta
678 3175 803 3254 putavit,

29 3267 145 3344 rejecta
157 3284 259 3324 eorum
272 3262 430 3334 sententia,
446 3260 496 3339 qui
507 3261 638 3319 futilibus
652 3279 720 3320 saue
732 3282 803 3320 cau-

29 3359 74 3414 sis
91 3353 205 3412 inducti
221 3351 347 3410 fabulam
362 3350 515 3426 satyricam
534 3350 622 3409 fuisse
639 3350 802 3411 censebant.

851 1575 966 1648 Regem,
979 1573 1031 1650 qui
1045 1573 1217 1635 adversatur
1230 1579 1423 1657 Triptolemo,
1437 1582 1520 1640 Statii
1534 1582 1617 1640 scho-

851 1659 936 1718 liasta
963 1660 1129 1739 Cepheum,
1158 1665 1277 1724 Seruius
1304 1669 1464 1746 Cephalum
1492 1670 1620 1748 appellat

852 1760 940 1826 atque
958 1769 995 1807 ex
1021 1769 1056 1809 eo
1079 1751 1178 1810 Celeus
1193 1753 1272 1832 apud
1293 1757 1441 1836 Hyginum
1465 1760 1620 1818 emendan-

854 1835 923 1894 dum
943 1848 995 1896 est.
1020 1840 1120 1900 Celeus
1135 1842 1243 1900 amicus
1256 1847 1368 1904 Cereris
1389 1857 1432 1918 et,
1449 1859 1481 1904 ut
1498 1846 1618 1926 quidam

855 1923 1003 1997 reserant,
1025 1938 1108 2004 pater
1123 1929 1298 2006 Triptolemi
1315 1975 1323 2004 ,
1343 1931 1489 1991 adversari
1513 1934 1540 1991 ei
1559 1954 1618 1992 non

852 2013 958 2091 potuit.
977 2013 1109 2092 Cepheus
1128 2035 1187 2101 pon
1199 2017 1293 2076 minus
1314 2039 1400 2096 qaam
1418 2021 1565 2100 Cephalus
1582 2019 1618 2080 ad

854 2119 961 2178 pagum
982 2101 1129 2180 Cepltalea
1150 2105 1295 2165 referendi
1318 2121 1408 2186 stant,
1430 2109 1512 2188 cujus
1534 2109 1621 2170 heros

854 2189 999 2268 Cephalus
1023 2210 1076 2268 per
1099 2193 1267 2252 Procridem
1293 2195 1330 2253 ad
1355 2198 1457 2274 poesin
1484 2199 1621 2277 tragicam

855 2277 990 2355 pertinet.
1013 2284 1052 2337 At
1071 2280 1146 2339 alius
1160 2282 1248 2340 etiam
1262 2283 1383 2362 intelligi
1404 2298 1513 2363 potcst;
1536 2299 1623 2346 notus

855 2365 930 2424 enim
941 2379 985 2425 est
994 2366 1067 2425 alius
1076 2368 1231 2445 Cephalus,
1240 2373 1380 2431 Mercurii
1389 2373 1475 2432 inseri
1484 2385 1513 2432 et
1524 2379 1622 2434 Hersae

856 2453 949 2526 lilius,
963 2455 1082 2532 agrestis
1096 2455 1182 2529 deus,
1196 2459 1247 2534 qui
1259 2461 1433 2537 Triptolemi
1444 2461 1623 2522 adversarius

857 2543 939 2602 sacile
952 2563 1014 2604 esse
1028 2545 1133 2623 potuit
1148 2552 1251 2625 ltaque
1265 2550 1436 2610 Welckerus
1450 2553 1622 2630 Triptolemi

856 2632 886 2690 in
898 2651 987 2711 regno
1001 2634 1214 2694 institutionem
1228 2639 1370 2715 superatis
1381 2639 1492 2716 magnis
1503 2641 1621 2718 pericu-

856 2721 890 2780 lis
903 2721 1077 2800 devictoqae
1088 2722 1273 2799 adversario,
1293 2725 1344 2803 qui
1358 2739 1387 2785 et
1400 2725 1478 2786 illius
1498 2729 1622 2806 imperio

856 2823 885 2870 et
901 2810 1000 2890 gloriae
1014 2811 1171 2885 restiterit,
1182 2813 1251 2872 satis
1264 2812 1401 2873 idoneum
1418 2815 1563 2894 tragoedia
1575 2837 1621 2876 ar-

856 2913 1024 2980 gumentum
1035 2919 1098 2961 esse
1111 2914 1213 2979 putat,
1226 2903 1385 2981 praesertim
1406 2903 1431 2964 si
1453 2903 1571 2964 accedat
1590 2918 1623 2964 ut

856 3007 937 3048 sacro
950 2989 1084 3048 instituto
1094 2989 1123 3047 in
1137 3008 1225 3050 omne
1239 3003 1352 3068 tempus
1366 2992 1554 3071 propagando
1566 3013 1622 3072 op-

855 3079 964 3158 positio
980 3078 1129 3157 cujusdam
1142 3061 1335 3159 potentissimi
1346 3083 1488 3158 hominis,
1502 3085 1553 3161 qui
1565 3086 1623 3143 im-

857 3168 940 3245 perio
953 3168 990 3228 sit
1003 3169 1125 3247 potitus,
1140 3183 1170 3228 et
1185 3170 1331 3250 quoddam
1347 3172 1458 3232 Cereris
1468 3171 1623 3250 judicium,

856 3279 915 3336 quo
924 3259 1081 3338 imperium
1088 3280 1203 3320 summo
1210 3262 1274 3321 viro
1282 3273 1311 3320 et
1320 3262 1452 3322 adoratio
1460 3263 1624 3341 insequenti

857 3361 989 3426 ternpore
1002 3350 1209 3421 constituatur,
1229 3350 1388 3410 antecedat.
1406 3357 1471 3425 Qua
1494 3371 1526 3410 re
1547 3351 1623 3411 ellici

29 3449 100 3519 Qua
115 3443 144 3500 iu
166 3462 197 3500 re
210 3441 236 3499 si
249 3458 350 3498 rerum
363 3437 446 3510 vidit,
459 3436 651 3497 dubitandum
663 3451 706 3498 est
720 3459 757 3498 an
772 3441 802 3498 in
856 3449 939 3514 putat
950 3450 982 3496 at
999 3449 1029 3496 et
1043 3438 1182 3517 tragoedia
1198 3439 1228 3496 ia
1245 3458 1276 3497 se
1291 3437 1425 3497 omnibus
1439 3437 1571 3516 partibus
1585 3439 1624 3498 sit

29 3533 92 3591 alia
110 3543 192 3608 parte
208 3527 363 3607 tragoediae,
374 3546 439 3604 quae
452 3540 653 3606 argumentum
667 3529 802 3607 explicat,
856 3523 932 3584 bene
939 3525 1311 3604 conclusadignitatemque
1319 3526 1455 3604 tragicam
1467 3525 1581 3601 habeat,
1593 3540 1624 3586 et

29 3620 115 3679 idem
133 3619 248 3677 illinon
264 3616 427 3694 contigerit.
448 3619 485 3672 At
502 3635 599 3694 operae
621 3618 745 3694 pretium
760 3629 804 3675 est
855 3612 1023 3673 auditorum
1044 3613 1135 3674 animi
1156 3616 1288 3693 suspensi
1306 3627 1467 3674 teneantur.
1481 3621 1623 3676 Praeterea

30 3709 156 3778 videre,
177 3705 247 3786 quid
268 3718 379 3764 veteres
399 3703 556 3782 scriptores
576 3702 613 3762 de
624 3705 804 3783 Triptolemo
857 3702 1026 3762 Welckerus
1034 3701 1143 3762 indicat
1153 3701 1357 3762 demissionem
1366 3702 1626 3780 reditumqueTri·

30 3796 186 3856 memorias
195 3792 396 3873 prodiderint:
417 3812 446 3851 v.
457 3791 544 3852 Orid.
560 3794 717 3868 Metamll,
727 3795 804 3863 tian-
858 3791 979 3869 ptolemi
989 3803 1018 3849 et
1024 3791 1139 3870 imperii
1148 3790 1330 3870 adeptionem
1339 3811 1397 3850 una
1410 3791 1548 3869 tragoedia
1559 3812 1625 3851 con·

32 3886 105 3943 661.
117 3882 302 3961 Hygin.Fab.
315 3891 369 3956 147
377 3904 402 3940 :a
410 3884 594 3956 QuumCeres
601 3884 803 3961 Proserpinam
853 3881 935 3962 jungi
949 3901 1008 3940 non
1019 3883 1156 3960 potuisse.
1168 3887 1319 3942 Postremo
1330 3902 1469 3941 summam
1481 3882 1625 3962 tragoedia

31 3974 124 4032 tiliam
135 3992 214 4030 sitam
226 3983 375 4049 quareret,
384 3970 462 4028 venit
472 3969 508 4028 ad
517 3971 686 4030 Eleusinum
695 3991 803 4050 regem,
858 3971 1071 4030 Eleusiniorum
1085 3971 1288 4048 mysteriorum
1310 3971 1519 4031 institutionem
1538 3972 1625 4031 luisse

31 4062 82 4121 cui
94 4080 170 4118 uxor
184 4061 331 4122 Cothonea
344 4078 467 4138 puerum
482 4072 636 4138 pepererat
643 4079 732 4139 seque
745 4081 803 4119 au·
858 4060 898 4120 ait
918 4061 1169 4139 necessariumque
1191 4058 1300 4119 indicat
1320 4059 1454 4136 ostendi,
1475 4061 1625 4139 quomodo

33 4151 139 4210 tricem
160 4151 314 4208 lactantem
334 4148 489 4207 simularit.
505 4151 592 4208 Ceres
612 4169 703 4228 quum
720 4149 806 4210 vellet
858 4149 947 4208 aratri
959 4168 1043 4209 usum
1057 4161 1086 4209 et
1096 4149 1242 4229 spicarum
1256 4149 1388 4208 notitiam
1408 4151 1484 4208 inter
1500 4163 1625 4229 agrestes

32 4241 187 4299 alumnum
202 4257 286 4296 saum
306 4235 499 4296 immortalem
514 4236 653 4311 reddere,
678 4238 805 4298 interdiu
858 4238 1073 4318 propagaverit.
1097 4239 1242 4310 Quocirca
1261 4238 1333 4299 nihil
1363 4238 1441 4298 aliud
1467 4240 1624 4318 excogitari

31 4331 110 4387 lacte
127 4327 227 4385 divino
241 4325 353 4400 alebat,
367 4325 440 4384 clam
450 4326 480 4384 in
493 4326 559 4405 igne
571 4325 723 4386 obruebat.
745 4332 805 4386 Ita·
858 4346 942 4405 posse
955 4328 1080 4386 affirmat
1091 4328 1146 4387 nisi
1165 4331 1299 4389 Cererem
1315 4347 1374 4387 non
1394 4342 1562 4406 praesentem
1578 4328 1625 4386 di-

33 4437 95 4496 que
114 4427 307 4495 praeterquam
326 4413 458 4474 solebant
475 4416 627 4490 mortales,
648 4418 804 4478 crescebat.
859 4416 969 4475 misisse
980 4416 1206 4496 Triptolemum,
1220 4416 1271 4476 sed
1285 4430 1433 4476 narratam
1443 4417 1473 4474 id
1487 4436 1548 4475 esse
1557 4428 1625 4494 post

33 4511 71 4565 Et
87 4505 129 4562 sir.
143 4504 205 4562 fieri
219 4523 310 4582 quum
326 4503 500 4562 mirarentur
510 4547 519 4576 ,
529 4517 663 4582 parentes
677 4525 739 4565 eam
751 4505 806 4564 ob-
857 4505 936 4563 illius
953 4505 1087 4581 reditum,
1103 4527 1193 4585 quum
1207 4518 1309 4566 contra
1323 4507 1470 4585 Cepheum
1479 4505 1527 4582 jus
1540 4523 1624 4564 suunt

32 4605 244 4652 servaverunt:
258 4611 347 4672 quum
366 4595 452 4651 Ceres
468 4612 536 4652 eum
558 4591 646 4677 uellet
662 4594 692 4652 in
710 4594 806 4674 ignem
859 4592 1036 4653 defenderet.
1631 4601 1635 4670 j

32 4683 170 4754 mittere,
183 4692 268 4759 pater
281 4681 410 4760 expavit.
422 4681 476 4741 Illa
489 4683 562 4741 irata
573 4681 738 4742 Eleusinum
753 4703 807 4742 ex·
899 4687 973 4744 Sunt
982 4695 1077 4744 tamen
1091 4703 1156 4763 quae
1167 4681 1409 4762 argumentationi
1421 4679 1567 4740 Welclteri
1579 4697 1626 4740 re·

31 4770 190 4842 animavit,
203 4782 233 4828 at
251 4770 433 4848 Triptolemo
455 4772 573 4830 alumno
592 4792 647 4832 suo
668 4785 805 4834 aternum
859 4787 1010 4852 pugnent,
1032 4787 1065 4833 ut
1085 4773 1211 4832 nesciam
1233 4791 1270 4830 ao
1291 4771 1384 4829 multo
1407 4769 1541 4847 graviora
1569 4767 1627 4827 sint

33 4858 212 4917 beneficiam
225 4857 335 4918 tribuit.
348 4864 423 4919 Nam
434 4859 529 4939 lmges
540 4875 730 4941 propagatum
743 4882 808 4921 car·
860 4883 948 4940 quam
959 4863 1035 4922 illius
1049 4863 1183 4920 rationes.
1194 4860 1313 4937 Dionys.
1328 4859 1419 4918 Halic.
1433 4862 1456 4932 1,
1474 4877 1509 4916 tn
1522 4878 1529 4916 t
1542 4853 1627 4935 [327]

859 5101 946 5173 Super
960 5112 1034 5156 mare
1046 5111 1128 5156 omne
1140 5095 1175 5154 ad
1188 5031 1322 5154 addimur
1332 5103 1413 5154 terra
1428 5093 1562 5152 terminos

858 5179 1008 5252 Noctisque
1019 5175 1112 5234 fontes
1124 5177 1242 5250 coelique
1253 5183 1358 5242 oraim,

858 5257 955 5316 Pboebi
968 5258 1111 5332 aadquum
1124 5255 1247 5327 bortum,
1265 5271 1285 5312 α
1296 5259 1389 5314 Buca
1403 5257 1515 5312 crecta.

391 5049 453 5117 ais.

106 5167 202 5249 Spirat
214 5173 287 5230 enirn
302 5189 359 5232 non
373 5175 492 5249 amplius
506 5176 597 5250 parvis
609 5173 696 5247 tibiis,

110 5249 160 5310 scd
174 5252 252 5311 satu
265 5251 375 5314 flatibus
391 5255 450 5312 sine
465 5255 593 5328 capistro.
