3752 5792
303 413 327 454 n
861 387 1078 448 rnAEFAtto.

302 523 373 603 ubi
391 525 481 602 satis
507 522 602 601 scias
615 519 778 603 meliora
806 537 845 598 et
869 522 912 598 in
935 538 1123 627 promptu
1142 548 1221 600 esse
1247 540 1286 600 et
1303 521 1354 602 ab
1373 521 1457 604 aliis
1474 522 1620 606 ascita?

144 714 150 722 -
224 745 227 756 ³
301 658 460 765 Rejecta
477 685 572 735 vero
590 652 791 734 Dindorfii
814 653 986 732 editione
1006 654 1116 731 nulla
1143 654 1217 732 alia
1248 655 1341 753 fuit,
1363 687 1483 764 quam
1510 688 1622 765 pror*

300 819 364 869 sus
381 817 579 896 sequerer.
605 785 746 895 ltaque
764 787 864 864 nihil
884 803 968 863 erat
982 785 1180 892 reliquum
1199 785 1273 864 nisi
1287 803 1334 864 ut
1349 787 1502 867 codices
1520 790 1624 896 ipsos

300 921 545 1000 consulerem
570 921 775 1028 ipsamque
797 899 997 996 -Dindorfii
1025 918 1239 998 editionem
1267 920 1321 996 ita
1345 946 1551 1026 sequerer,
1580 940 1625 1000 ut

300 1053 433 1150 locos,
463 1052 685 1160 inquibus
717 1051 977 1129 necessarium
1012 1049 1255 1146 videbatur,
1290 1052 1530 1157 corrigerem
1561 1055 1622 1132 vel

302 1185 484 1264 codicum
496 1185 672 1264 subsidio
690 1186 754 1263 vel
774 1213 819 1262 ex
838 1183 1077 1290 conjectura.
1099 1183 1246 1261 Verum
1264 1201 1388 1262 totam
1403 1212 1487 1262 rem
1507 1182 1624 1264 ador-

224 1399 228 1408 ·
303 1317 389 1394 navi
414 1317 489 1394 hac
519 1317 621 1423 lege,
645 1334 690 1395 ut
720 1345 802 1394 non
827 1315 978 1422 ubique
997 1343 1082 1394 mea
1105 1343 1192 1423 quae
1216 1317 1439 1423 scripserim
1459 1344 1623 1424 prorsus

298 1474 390 1558 vera
415 1476 495 1526 esse
519 1449 786 1555 pronunciare
810 1448 938 1525 velim.
960 1449 1096 1553 Longe
1126 1449 1355 1554 corruptior
1374 1465 1431 1526 est
1463 1447 1626 1551 AEschy-

298 1579 359 1658 lus
382 1596 421 1657 et
446 1579 665 1658 abstrusior
686 1605 805 1688 quam
831 1596 876 1657 ut
901 1597 988 1657 tuto
1009 1578 1222 1657 constituas
1239 1577 1337 1686 quid
1354 1579 1405 1657 ab
1431 1580 1501 1658 illo
1529 1583 1625 1659 scri-

297 1727 412 1816 ptum
435 1711 495 1788 sit.
522 1709 722 1788 Permulta
750 1736 844 1788 sane
862 1708 1088 1787 necessitate
1106 1727 1264 1788 coactus
1278 1711 1394 1788 ascivi
1410 1727 1454 1788 ut
1472 1711 1503 1788 si
1520 1711 1620 1788 nihil

297 1840 405 1919 aliud
428 1842 661 1920 sententiam
680 1859 812 1919 tamen
829 1840 1038 1918 ellicerem.
1058 1840 1101 1918 Si
1121 1858 1251 1919 autem
1273 1843 1473 1947 putaveris
1491 1840 1626 1919 editio·

297 1999 389 2049 nem
402 1997 530 2050 meam
541 1972 698 2078 longius
712 1971 896 2050 recedere
907 1970 960 2050 ab
972 1972 1205 2050 auctoritate
1215 1951 1398 2050 codicum
1410 2000 1531 2080 quam
1542 1974 1626 2050 reli·

297 2100 537 2208 quas3ralde
548 2104 666 2183 falsus
676 2103 1034 2210 erisUbicumque,
1049 2101 1181 2210 quoad
1192 2103 1276 2180 fieri
1288 2106 1432 2210 potuit,
1442 2105 1627 2212 antiquos

297 2233 422 2315 libros
446 2255 602 2317 secutus
625 2238 742 2317 etiam
765 2236 1064 2344 speciosissimas
1082 2234 1328 2343 conjecturas
1349 2236 1528 2314 virorum
1553 2236 1626 2315 do·

298 2386 453 2446 ctorum
473 2369 704 2478 rejiciendas
730 2370 889 2476 putavi,
909 2395 1019 2476 ·quas
1037 2386 1120 2446 tum
1136 2366 1296 2445 demum
1315 2368 1432 2445 ascivi
1454 2368 1525 2445 ubi
1544 2397 1625 2446 ma-

298 2499 441 2580 nisesto
468 2499 620 2609 aliquid
648 2501 874 2609 conjectura
905 2499 1170 2580 asciscendum
1196 2498 1281 2577 luit.
1305 2499 1399 2578 Haec
1419 2527 1515 2577 vero
1542 2501 1626 2606 ipsa

295 2630 349 2708 ita
376 2659 481 2710 ame
513 2632 782 2711 administrata
808 2649 925 2729 sunt,
960 2647 1005 2709 ut
1034 2630 1167 2708 onmia
1200 2629 1381 2736 precario
1412 2628 1625 2708 scriberem

295 2781 540 2871 paratusque
564 2793 684 2844 essem
708 2765 774 2842 illa
800 2765 883 2870 ipsa
909 2763 1094 2870 rejicere,
1132 2763 1161 2840 si
1191 2761 1354 2840 meliora
1379 2762 1421 2839 in
1449 2761 1625 2840 medium

294 2893 543 2974 afferrentur.
570 2897 755 2974 Ceterum
782 2924 832 2974 ne
862 2898 951 3004 quis
965 2895 1130 2974 consilio
1150 2922 1238 2972 meo
1257 2895 1439 2998 ignorato
1473 2922 1536 2972 me
1558 2922 1622 2972 ac-

293 3043 424 3123 cuset,
453 3026 577 3104 multa
599 3027 726 3105 aliena
748 3055 770 3104 a
796 3053 858 3105 me
891 3043 1045 3130 recepta
1079 3051 1159 3102 esse
1181 3024 1322 3102 omisso
1351 3024 1513 3101 nomine
1541 3024 1625 3130 ejus

293 3158 364 3266 qui
388 3158 540 3265 primus
571 3161 809 3266 occuparit:
842 3157 940 3237 illud
968 3187 1060 3238 sane
1089 3157 1328 3262 negligentia
1351 3141 1458 3234 -mca¹
1475 3156 1624 3236 factum

293 3306 371 3385 est,
393 3290 487 3396 quia
514 3291 663 3370 oblitus
687 3320 775 3370 sum
804 3292 965 3370 nomina
996 3288 1220 3368 adscribere
1247 3276 1483 3396 eorumqui
1511 3317 1625 3396 repe-

292 3439 433 3499 rerunt
455 3421 623 3501 editioni
653 3423 957 3502 Wellauerianae
990 3451 1070 3531 qna
1103 3420 1268 3518 utebar,
1302 3419 1426 3528 idque
1455 3419 1623 3498 feceram

294 3552 420 3632 multo
438 3571 529 3633 ante
548 3583 669 3662 quam
691 3555 787 3633 milri
809 3557 850 3634 in
870 3575 1039 3634 mentem
1057 3572 1218 3632 venerat
1238 3552 1357 3632 edere
1377 3552 1621 3658 AEschylum.

294 3691 491 3792 Quocirca
520 3667 744 3805 bona.quae
767 3697 939 3804 protuli,
964 3697 1088 3775 aliena
1106 3711 1227 3798 pnta;
1255 3721 1342 3801 quae
1374 3694 1530 3790 minus,
1552 3693 1623 3772 ad·-

293 3821 422 3902 scribe
441 3827 549 3904 mihi.

346 3953 511 4035 Codices
538 3957 721 4066 plerique
757 3978 848 4039 sunt
878 3958 1070 4067 ejusmodi
1105 3975 1149 4037 nt
1175 3984 1382 4065 nunquam
1420 3956 1502 4034 fere
1532 3958 1623 4035 satis

293 4101 379 4164 tnto
404 4086 451 4166 iis
487 4089 662 4168 confidas
697 4091 1053 4199 deprelrendasque
1093 4090 1245 4199 utique
1274 4088 1421 4168 indicia
1449 4088 1623 4196 plurima

293 4237 588 4319 correctorum,
616 4223 659 4300 in
687 4224 827 4329 primis
851 4224 1045 4304 Triclinii.
1069 4225 1178 4301 lnter
1202 4249 1338 4301 omnes
1369 4239 1502 4300 tamen
1524 4222 1621 4298 emi-

292 4369 360 4429 net
385 4351 512 4431 codex
538 4353 737 4433 Mcdiceus
757 4385 766 4434 :
784 4374 875 4463 post
892 4385 982 4435 eum
1001 4355 1380 4461 Guelpherbytanus
1404 4372 1444 4432 et
1475 4354 1621 4458 Regius

291 4481 489 4563 Parisinus
511 4486 638 4584 3521,
673 4497 721 4570 ab
749 4488 935 4568 Aslrewio
959 4489 1142 4575 collatus,
1168 4488 1257 4566 etii
1282 4485 1429 4595 quibus
1448 4514 1540 4564 usus
1564 4503 1621 4564 est

289 4614 557 4696 Robortellus.
600 4620 831 4699 Dolendum
854 4650 950 4700 vero
978 4641 1035 4701 est
1068 4621 1180 4729 quod
1209 4620 1342 4699 nullus
1378 4619 1523 4697 horum
1565 4619 1619 4696 ita

291 4746 458 4827 collatus
489 4766 547 4827 est
568 4768 614 4828 ut
633 4751 785 4861 ubique
809 4771 917 4834 certo
932 4755 1028 4833 scias
1049 4753 1147 4862 quid
1169 4754 1211 4831 in
1235 4752 1311 4830 illis
1329 4752 1521 4857 scriptum
1538 4751 1616 4828 sit:

290 4905 377 4986 quae
403 4907 464 4958 res
483 4882 609 4962 multo
629 4884 896 4964 difficiliorem
914 4883 1048 4965 reddit
1072 4913 1237 4992 operam
1253 4879 1491 4987 corrigendi.
1517 4879 1617 4979 Quae

289 5037 414 5116 quum
432 5013 485 5091 ita
504 5035 651 5113 essent,
670 5018 824 5097 codices
842 5018 935 5116 hos,
950 5067 953 5073 -
966 5047 1067 5127 quos
1088 5020 1131 5097 in
1165 5017 1303 5124 primis
1330 5012 1532 5109 consului,
1560 5011 1614 5089 ita

288 5161 442 5224 secutus
463 5173 579 5245 sum,
608 5166 652 5228 nt
670 5177 876 5259 nunquam
896 5150 944 5229 iis
974 5150 1214 5231 confiderem
1244 5149 1317 5227 nisi
1348 5146 1492 5227 diserte
1517 5171 1613 5222 eno·
