3742 5784
231 445 288 502 386

229 575 266 628 At
282 565 354 626 illud
364 565 413 624 rix
427 560 578 644 probabile
590 571 649 634 est,
670 559 738 639 quia
756 558 918 640 Hippolyta
934 575 992 618 uua

228 677 294 716 rum
309 656 415 733 Pelope
438 671 525 712 curru
540 647 708 710 uehebatur.
729 648 872 720 Quocirca
895 647 992 707 credi·

228 743 315 803 bilius
327 755 370 802 est
380 739 468 800 rerba
481 737 630 816 cujusdam
647 757 709 796 esse
725 736 761 796 ad
774 755 895 816 equum,
913 749 945 794 ut
959 737 994 794 il-

228 832 288 892 lum
300 832 331 892 in
341 850 456 890 cursum
468 830 584 888 excitet.
597 831 699 906 itaque
709 826 817 885 nuncio
831 823 991 884 tribuerim.

228 921 329 983 Eidem
340 917 521 979 adscribendi
537 915 605 976 sunt
618 914 678 975 duo
690 915 739 974 alii
749 933 849 974 versus
861 913 932 972 atrii
945 935 952 971 ι

228 1039 994 1117 Saxnmidiacitangustitatemetsubeosaroaruberans

228 1125 349 1184 scatebra
362 1123 444 1182 lluria
455 1121 544 1182 eradit
557 1137 662 1197 rupem.

227 1241 314 1301 Varie
337 1241 470 1318 explicati
494 1253 562 1298 sunt
590 1258 691 1298 versus
722 1236 801 1316 apud
830 1237 991 1316 Diogenem

228 1329 374 1390 Laertium
387 1329 418 1386 in
429 1328 494 1386 Vita
507 1327 661 1399 Arcesilai,
674 1330 725 1399 IV,
742 1327 779 1384 35
795 1349 802 1384 :
820 1323 892 1408 Πρὸς
909 1323 936 1385 δὲ
948 1325 994 1385 τὸν

229 1415 391 1477 δανειστικὸν
405 1416 450 1476 κοιλ
464 1416 602 1497 φιλόλογον
615 1415 723 1474 ιέπέντα
732 1437 758 1473 τι
768 1416 870 1492 ἀγνοιῖν
884 1410 944 1497 έφη·

228 1558 310 1637 [att]
328 1551 463 1629 Λέθουοι
479 1549 537 1646 γοίφ
554 1576 603 1618 τοι
619 1550 755 1644 ιιοὶνέμων
771 1537 904 1628 διέξοδοι
927 1562 930 1572 “

325 1665 444 1743 bellatur
462 1666 539 1762 ὄρνιν
550 1671 629 1743 πλὴν
641 1669 716 1736 ὅταν
733 1665 823 1745 τόιιος
839 1673 933 1760 ταφῇ.

229 1801 312 1868 Ἔστι
327 1804 355 1865 δέ
368 1809 452 1864 ταῦτα
465 1804 496 1864 dx
508 1807 555 1864 τοῦ
569 1802 704 1883 Οἰνομάου
724 1801 897 1886 Σοφοκλέους.
913 1805 993 1866 Cous.

231 1895 312 1958 Suid.
327 1915 353 1954 ν.
365 1891 481 1962 Διέξοδοι
501 1905 530 1952 et
543 1893 671 1968 Λήυοοοι,
692 1894 765 1952 Plut.
782 1897 857 1954 Mor.
873 1914 900 1973 p.
916 1897 994 1968 718,

230 1990 252 2044 Α
277 1983 338 2062 (qui
357 1982 487 2054 πλήθουσι
504 1981 608 2054 habet,
624 1981 680 2040 alia
694 2001 815 2060 prorsus
829 1981 993 2062 sententia).

230 2072 399 2131 Welclserus
424 2089 505 2148 spem
527 2069 643 2148 Pelopis
665 2069 786 2129 indicari
816 2082 914 2150 putat;
941 2091 995 2150 ego

232 2161 329 2238 potius
356 2177 497 2218 summam
528 2177 628 2217 curam
656 2157 804 2236 cujusdam
826 2159 856 2218 in
880 2177 993 2218 summo

231 2248 398 2309 discrimine
408 2246 566 2319 vementis,
581 2245 631 2324 qni
645 2246 714 2306 alias
725 2247 915 2324 negligentior
928 2248 992 2306 fue-

231 2339 279 2397 rit.
298 2334 343 2397 nd
366 2337 476 2395 instans
486 2334 576 2414 igitur
585 2347 731 2394 certamen
744 2335 928 2395 referendum
943 2349 995 2394 est.

232 2427 330 2489 Choro
345 2423 490 2484 tribuendi
510 2435 578 2483 sunt
597 2445 698 2485 versus
715 2425 795 2504 apud
820 2426 995 2506 Aristopha-

232 2535 298 2576 nem
310 2519 363 2574 Αν.
381 2515 454 2587 ι337
467 2535 475 2572 :

232 2643 314 2724 [478]
332 2643 475 2738 Γενοέμαν
490 2643 575 2724 riarde
587 2639 737 2736 ὑψιπέτας

233 2761 273 2836 ὡς
290 2753 326 2825 ἃν
345 2757 503 2834 marcirias
521 2761 596 2854 ὑπὲρ
612 2759 780 2856 ἀτρυγέτου
797 2763 931 2854 γλαυκᾶς
947 2764 995 2830 ἐπ’

767 2869 864 2968 οἶδμα
874 2876 995 2970 λίμνας.

234 3009 347 3070 Chorus
357 3021 439 3087 optat
459 3020 491 3068 ut
504 3009 556 3086 al'p
567 3009 723 3070 instructus
737 3014 886 3074 certamini
900 3015 998 3075 adesse

234 3087 334 3176 possit.
343 3097 519 3173 Hesychius:
531 3097 559 3176 [4
565 3099 613 3177 79]
622 3101 757 3180 ἀρουραῖος
763 3101 903 3179 Οἰνόμαος.
911 3107 999 3183 Δημο-

234 3184 327 3258 σθένης
337 3181 465 3262 Αἰσχίνην
477 3181 557 3250 οὕτως
571 3183 631 3266 έφη,
642 3185 698 3245 teet
709 3187 777 3246 rard
788 3187 836 3260 τὴν
849 3189 938 3272 χώραν
951 3213 999 3252 πε-

235 3274 359 3357 ρινοστῶν
373 3269 524 3352 inexpletae
537 3269 702 3354 Σοφοκλέους
716 3274 760 3334 τὸν
774 3275 916 3354 Οἰνόμαον.
925 3283 997 3339 Fra-

234 3374 403 3443 gmentum,
429 3358 508 3439 quod
530 3361 719 3439 asophoclis
742 3367 891 3426 Olinomao
912 3369 999 3447 plane

234 3451 359 3510 alienum
372 3461 433 3520 est,
449 3446 535 3506 docet
549 3449 635 3508 etiam
648 3449 679 3510 in
693 3470 763 3531 agro
779 3453 948 3516 Atheniensi
961 3457 999 3516 ia-

235 3537 334 3598 bulam
348 3537 463 3597 doctam
476 3555 548 3595 esse.

529 3694 715 3720 n*

538 3798 701 3860 ATREUS.

778 419 990 486 soeflocnts
1011 418 1260 486 FRAGMENTA.

1043 567 1141 614 mento
1168 555 1264 616 minus
1291 555 1446 616 convenire
1471 557 1577 630 docet,
1607 559 1681 638 qnia
1710 561 1817 622 ebone

1043 645 1173 704 virorum
1187 646 1358 725 requiratur.
1372 651 1461 707 Recte
1471 648 1501 706 id
1512 649 1638 710 sortasse
1653 652 1704 711 vir
1717 652 1820 714 doctis·

1043 733 1133 793 simus
1147 734 1324 814 disputavit,
1339 735 1389 795 sed
1400 736 1464 816 quis
1477 738 1550 796 certi
1564 739 1640 816 quid
1662 739 1696 798 in
1709 761 1741 799 re
1759 756 1819 801 tam

1045 821 1153 882 ineerta
1167 836 1281 903 tamque
1296 823 1430 904 ambigua
1443 827 1711 904 pronunciaverit?

1084 911 1216 972 Mirabile
1239 926 1281 973 est
1301 927 1441 994 quantum
1464 929 1577 977 veteres
1597 920 1764 999 scriptores
1790 923 1821 980 in

1044 999 1211 1059 enarrandis
1226 1001 1291 1060 latis
1305 1003 1385 1062 Atrei
1400 1003 1544 1083 hujusque
1560 1006 1660 1066 fratris
1684 1009 1824 1084 Thyestis

1045 1087 1190 1170 differant.
1204 1091 1408 1169 Antiquiores,
1420 1097 1580 1168 Homerus,
1593 1097 1758 1168 Hesiodus,
1770 1101 1823 1157 alii

1045 1178 1118 1237 nihil
1141 1181 1285 1239 memoriae
1304 1180 1341 1240 de
1361 1181 1503 1242 discordia
1524 1184 1650 1244 fratrum
1673 1186 1823 1265 prodide-

1045 1280 1128 1337 runt,
1142 1289 1229 1348 qnam
1241 1271 1272 1328 in
1286 1269 1465 1331 horrendum
1479 1273 1599 1332 modum
1621 1277 1821 1333 excoluerunt

1046 1359 1155 1437 tragici.
1177 1364 1252 1418 Ante
1276 1360 1498 1421 Alcmaeonidem
1531 1364 1707 1422 Welclrerus
1738 1364 1824 1423 docet

1046 1445 1118 1504 niltil
1134 1447 1254 1526 reperiri
1270 1468 1330 1527 quo
1344 1449 1511 1509 dissensisse
1525 1451 1633 1511 iratres
1652 1452 1822 1529 colligatur.

1085 1537 1200 1610 Atreus,
1211 1537 1323 1616 Pelopis
1334 1550 1362 1596 et
1374 1539 1577 1618 Hippodamia.
1588 1541 1679 1616 lilius,
1692 1555 1762 1619 post
1769 1563 1824 1620 pa·

1046 1623 1098 1682 tris
1109 1622 1222 1682 obitum
1236 1643 1357 1703 reguum
1371 1627 1450 1686 solus
1463 1625 1600 1700 obtinuit,
1616 1629 1755 1704 Thyeste
1767 1629 1824 1687 l'ra·

1046 1724 1090 1771 tre
1102 1713 1232 1788 excluso,
1245 1715 1295 1792 qni
1310 1715 1406 1773 minor
1416 1727 1477 1774 erat
1489 1727 1569 1775 natu.
1583 1721 1710 1776 Senecae
1720 1718 1747 1776 si
1759 1738 1823 1776 cre·

1046 1800 1150 1874 dimus,
1170 1801 1273 1860 iratres
1292 1803 1369 1862 inter
1390 1823 1420 1862 sc
1442 1806 1518 1882 pacti
1537 1817 1626 1877 sunt,
1653 1818 1688 1864 ut
1704 1806 1822 1864 alternis

1048 1902 1210 1968 regnarent.
1224 1898 1315 1952 Atreo
1325 1904 1422 1952 antem
1431 1913 1521 1972 quum
1533 1913 1624 1972 agnus
1636 1915 1761 1968 aureus,
1773 1896 1821 1972 qui

1046 1995 1136 2054 regno
1154 1977 1246 2037 latalis
1265 1979 1339 2052 suit,
1355 1982 1492 2040 Mercurii
1509 1983 1705 2058 interventu,
1730 1997 1763 2042 nt
1776 1984 1821 2041 lric

1048 2067 1138 2125 lilium
1154 2086 1238 2126 suum
1258 2070 1410 2146 Myrtilum
1431 2070 1461 2128 in
1478 2072 1617 2150 progenie
1633 2072 1759 2150 Pelopis
1777 2073 1817 2130 ul-

1048 2155 1221 2228 cisceretur,
1244 2157 1432 2236 contigisset,
1453 2157 1597 2218 discordia
1617 2160 1701 2218 inter
1722 2159 1822 2218 trane

1048 2257 1112 2303 orta
1132 2257 1196 2319 est,
1219 2265 1343 2324 quorum
1367 2258 1487 2324 uterquc
1510 2267 1633 2326 regnum
1655 2248 1821 2306 affectavit

1048 2334 1189 2412 Thyestes
1200 2355 1270 2395 vero
1286 2341 1421 2416 Aeropes,
1443 2336 1523 2394 Atrei
1544 2337 1662 2406 uxoris,
1678 2357 1774 2414 aquam
1789 2337 1821 2394 ad

1048 2421 1220 2482 adulterium
1236 2421 1373 2502 pellexit,
1390 2423 1499 2482 anxilio
1520 2441 1596 2501 agno
1618 2425 1739 2502 potitus
1761 2438 1821 2491 est;

1048 2521 1078 2569 at
1090 2511 1217 2570 criminis
1225 2510 1354 2570 conscius
1365 2511 1396 2570 in
1408 2510 1526 2570 exilium
1536 2511 1616 2573 abiit.
1630 2516 1746 2573 Atreus
1759 2535 1821 2572 reru

1049 2599 1141 2658 illatas
1156 2599 1240 2668 sibia
1255 2600 1343 2659 iratre
1355 2597 1474 2676 injurias
1491 2600 1590 2659 ulcisci
1609 2602 1742 2679 cupiens
1760 2621 1820 2661 cunr

1049 2687 1100 2746 illo
1112 2688 1209 2766 specie
1220 2688 1250 2746 in
1265 2688 1386 2767 gratiam
1396 2687 1498 2764 rediit;
1512 2689 1560 2748 cui
1573 2709 1664 2768 quum
1676 2689 1820 2768 Thyestes

1050 2777 1135 2837 fidem
1153 2776 1264 2837 babens
1282 2777 1312 2836 in
1328 2797 1448 2856 regnum
1462 2778 1643 2852 revertisset,
1657 2783 1778 2838 Atreus
1790 2781 1820 2838 li·

1051 2866 1136 2926 berus
1152 2865 1307 2926 vescendos
1318 2865 1345 2924 ei
1357 2865 1494 2945 apposuit
1513 2867 1695 2945 rnintumque
1719 2889 1821 2927 cruore

1051 2975 1151 3014 eorum
1171 2955 1272 3013 vinum
1294 2952 1454 3013 bibendum
1476 2953 1563 3016 dedit.
1585 2955 1718 3034 Epulato
1740 2958 1820 3016 l'ratn'

1050 3043 1169 3102 brachia
1182 3055 1211 3102 et
1221 3062 1272 3102 ora
1281 3061 1439 3121 puerorum
1451 3043 1587 3105 ostendit.
1598 3042 1644 3102 Ob
1658 3045 1720 3104 tale
1730 3048 1821 3104 scelus

1051 3134 1136 3193 etiam
1151 3133 1193 3190 sol
1208 3150 1325 3191 cursum
1337 3129 1422 3189 suum
1435 3131 1550 3204 avertit,
1561 3152 1598 3191 ne
1612 3145 1697 3192 tanta
1709 3135 1821 3193 rideret

1052 3221 1167 3300 flagitia.
1186 3220 1310 3298 Cognito
1329 3219 1437 3279 scelere
1458 3219 1597 3299 'Ebyestes
1612 3222 1713 3300 patria
1738 3223 1818 3302 fugit.

1052 3312 1094 3372 Cf.
1110 3310 1200 3370 schol.
1212 3309 1313 3389 Eurip.
1327 3310 1363 3369 ad
1376 3313 1473 3370 Orest.
1483 3311 1542 3370 800
1556 3323 1587 3370 et
1600 3311 1677 3387 989,
1697 3317 1819 3372 Pausan.

1052 3404 1098 3474 11,
1116 3401 1170 3472 18,
1183 3418 1209 3457 a.

1048 3567 1050 3572 Ι
1091 3501 1186 3572 Quum
1200 3495 1285 3574 plane
1299 3495 1441 3555 incertum
1452 3495 1489 3556 sit
1501 3515 1631 3575 quaenam
1645 3516 1684 3556 ex
1700 3497 1747 3556 bis
1760 3513 1820 3575 qua

1053 3585 1193 3664 descripsi
1213 3584 1370 3663 Sophocles
1389 3586 1518 3645 insuam
1536 3605 1597 3644 rem
1620 3587 1818 3654 converterit,

1055 3689 1147 3734 tamen
1163 3673 1302 3733 credibile
1314 3686 1357 3733 est
1371 3673 1408 3733 ab
1422 3675 1474 3733 illo
1488 3673 1587 3734 eadem
1599 3695 1662 3734 esse
1672 3677 1818 3753 exposita,

1052 3783 1117 3842 quae
1134 3761 1284 3840 AEschylus
1300 3763 1331 3820 in
1349 3767 1566 3840 Agamemnone
1591 3763 1665 3823 1583
1688 3775 1721 3821 et
1738 3782 1815 3839 seqq.

1051 3853 1155 3930 attigit.
1167 3855 1201 3910 in
1211 3871 1271 3928 quo
1282 3863 1377 3909 tamen
1385 3870 1445 3909 non
1455 3862 1568 3910 constat
1578 3870 1648 3909 num
1659 3852 1817 3930 Sophocles

274 3933 342 3989 Duo
372 3933 573 3994 tantummodo
604 3936 762 4015 fragmenta
790 3953 903 4000 serram
936 3959 1002 4004 sunt
1052 3960 1158 4018 agnum
1172 3939 1287 3998 fatalem
1299 3957 1387 3997 aureo
1399 3939 1505 3998 vellere
1521 3939 1673 4018 praeditum
1689 3959 1818 3998 comine-

234 4018 317 4076 Atrei
331 4022 548 4099 tragoediae,ex
562 4023 667 4103 quibus
681 4024 717 4086 de
733 4030 943 4108 compositione
963 4032 1003 4091 il·
1053 4029 1191 4098 morelli»
1215 4023 1297 4103 ⁰¹¹J¹¹⁵
1319 4028 1427 4086 ¹¹¹⁰fll50
1450 4027 1526 4085 fam
1554 4039 1596 4085 ‘⁵²
1613 4025 1651 4084 ‘¹¹'
1677 4027 1817 4104 Euripide

234 4105 292 4165 lius
305 4127 365 4165 non
375 4111 464 4168 multa
475 4111 573 4190 colligi
582 4129 713 4192 possunt.
724 4119 819 4178 Attius
829 4139 899 4179 vero
912 4141 1001 4199 quum
1053 4122 1147 4176 Orest.
1160 4115 1218 4173 δυο
1235 4126 1264 4173 et
1277 4112 1314 4173 ab
1325 4115 1427 4188 Attio,
1445 4115 1496 4193 qui
1515 4114 1545 4174 id
1561 4117 1724 4172 stabilimen
1741 4118 1818 4191 regri

235 4193 334 4253 latinis
346 4195 479 4256 versibus
492 4199 620 4259 imitatus
636 4221 699 4262 esse
715 4204 863 4282 videatur,
891 4228 923 4267 ea
939 4231 1003 4288 quae
1053 4205 1188 4284 appellat.
1199 4210 1238 4264 At
1258 4224 1318 4262 non
1334 4216 1378 4263 est
1392 4202 1586 4282 improbabile
1604 4204 1781 4281 Euripidem
1793 4201 1816 4260 id

235 4283 342 4343 desunt
354 4282 423 4343 inde
437 4284 565 4362 quodam
580 4301 667 4366 paeto
682 4291 792 4370 expleri
806 4309 937 4374 possunt.
1054 4295 1148 4373 ipsum
1159 4313 1196 4352 ex
1209 4292 1401 4370 ignotioribus
1421 4293 1588 4352 assumsisse
1609 4291 1737 4367 sabulis,
1752 4293 1814 4370 qnia

276 4377 321 4432 Dc
335 4373 524 4453 inscriptione
540 4375 684 4454 tragoediae
705 4399 766 4439 non
790 4385 858 4443 satis
880 4399 1002 4447 constat.
1053 4381 1213 4460 Sophocles
1235 4400 1294 4440 nou
1315 4381 1465 4460 attigerat,
1485 4381 1645 4460 praesertim
1664 4401 1760 4458 quum
1774 4381 1814 4438 bic

235 4460 367 4545 Ἀτφοῖιςῆ
381 4465 535 4537 Μυκηναῖοι
554 4463 633 4544 apud
652 4471 828 4530 Brunclium
848 4487 891 4533 cst
905 4497 913 4532 ε
928 4501 940 4528 ι
954 4477 1001 4537 Sic
1053 4472 1082 4529 in
1098 4471 1211 4530 Eleclffl
1228 4469 1384 4549 [ωδ-503
1404 4471 1502 4528 ⁰¹¹¹¹¹l³
1517 4469 1728 4548 P0l⁰Pld⁸¹¹¹¹¹¹
1750 4470 1814 4528 '¹¹³¹‘

236 4564 313 4627 erat,
327 4552 440 4630 inquit,
456 4555 555 4614 titulus
570 4553 795 4632 dramatis,non
818 4563 1003 4639 Maximam
1054 4561 1159 4624 reierat'
1174 4560 1210 4621 ad
1225 4581 1324 4621 nerem
1336 4561 1447 4638 Myrtili
1459 4572 1489 4619 et
1502 4560 1532 4618 in
1554 4559 1643 4638 Ajace
1662 4559 1701 4619 ad
1717 4581 1812 4620 enarr·

236 4640 325 4720 rulgo
338 4642 453 4720 legitur.
468 4644 616 4704 Posterius
630 4665 766 4708 nomena
783 4652 914 4728 personis
932 4653 1001 4732 qui·
1055 4651 1133 4710 rium
1148 4650 1237 4715 Atrei.
1259 4655 1360 4727 ltaque
1372 4647 1548 4709 credendum
1562 4662 1606 4707 est
1623 4649 1742 4708 Attium
1756 4651 1813 4716 illa,

236 4728 292 4789 bus
306 4744 418 4790 constat
432 4731 573 4792 chorus.»
593 4735 762 4797 Wetclerus
777 4759 882 4799 nomen
905 4743 1003 4816 Μυκη·
1054 4740 1122 4818 quia
1132 4760 1169 4798 ex
1180 4739 1321 4818 Euripide
1334 4738 1418 4798 valde
1435 4750 1505 4797 nota
1518 4749 1618 4811 erant,
1633 4737 1666 4796 in
1682 4759 1767 4798 snam
1780 4737 1812 4796 la·

237 4825 310 4876 ναῖοι
321 4819 350 4876 in
367 4839 397 4878 se
411 4820 569 4900 vituperari
585 4843 671 4902 posse
685 4839 787 4906 negat,
800 4848 901 4887 rerum
915 4849 1002 4910 argu-
1054 4829 1150 4889 bulam
1164 4825 1319 4911 addidisse.
1331 4829 1375 4890 Cl.
1388 4829 1489 4907 Eurip.
1503 4828 1599 4908 lphig.
1617 4832 1708 4889 Taur.
1725 4829 1813 4906 795-

235 4947 307 4962 —

1088 5093 1201 5150 Utinam
1215 5103 1386 5152 consectarer
1397 5019 1559 5166 aliquarum
1574 5091 1780 5164 aldrolanten,

1087 5180 1120 5230 ut
1134 5173 1253 5231 volarem
1265 5190 1347 5248 super
1357 5174 1522 5231 immensum
1537 5189 1612 5230 mare
1624 5172 1776 5232 caanrloum

1493 5252 1529 5311 ad
1542 5253 1634 5310 undas
1648 5251 1739 5312 lacus.
1847 5293 1848 5320 2

590 5037 652 5088 477.

311 5153 432 5224 Fugiunt
443 5155 515 5211 enim
528 5157 611 5214 etiam
623 5170 766 5218 ventorum
780 5164 869 5222 exitus

310 5229 447 5288 lernellam
460 5248 536 5290 arem
550 5237 602 5293 nisi
614 5239 638 5294 si
652 5251 747 5312 partus
760 5241 853 5301 instat.
