3680 5790
207 357 262 412 ltu
757 337 968 404 SOPMOCLIS
988 335 1242 400 FRAGMENTA.

206 479 327 557 Reliqua
344 479 505 558 fragmenta
523 487 592 536 sunt
612 475 720 534 ineerta
742 469 856 542 omnia,
877 487 971 545 ncque
1025 465 1157 526 boantem
1164 463 1272 528 occidit
1284 478 1392 527 etcum
1405 468 1628 548 patreThyeste
1640 467 1670 527 in
1682 487 1798 544 regnan

205 568 357 648 quisquam
371 567 454 628 lacile
470 563 659 635 divinaverit,
671 560 743 642 quid
758 561 795 618 sit
809 556 881 616 illud
892 554 971 636 apud
1024 568 1134 614 avitum
1157 557 1244 616 redit.
1258 581 1270 608 ι
1296 556 1396 618 Schol.
1421 557 1494 620 sur.
1523 556 1619 616 Theb.
1640 561 1711 633 tv,
1734 557 1799 626 307:

204 657 403 736 Hesychium,
418 657 500 736 [tea]
513 681 524 706 ι
536 651 693 725 intrusisse,
707 677 719 702 ν
731 645 900 716 interdicant.
916 647 972 708 Συ-
1025 647 1108 704 «noe
1126 659 1222 706 motus
1237 645 1340 707 dolore
1352 647 1495 726 Thyestes
1509 667 1602 726 quum
1616 646 1762 705 consulta
1775 647 1800 704 de

204 747 303 826 φυιλῆς
318 745 402 830 Ἀτριί
415 743 434 818 ἢ
446 741 583 815 Μυκήναις
595 735 774 823 [Μυνηνυίαις
785 735 854 816 Br.],
864 733 908 796 lari
919 735 972 794 τῶν
1025 735 1148 794 oraculis
1163 748 1313 814 posceret,
1329 756 1504 816 responsum
1517 747 1581 810 est,
1605 756 1664 814 per
1681 755 1757 794 eum
1771 735 1798 792 ii

1025 835 1133 882 certam
1148 843 1234 902 posse
1255 827 1355 885 venire
1368 825 1547 902 vindictam,
1563 828 1617 904 qui
1634 844 1674 884 ex
1705 825 1799 902 ipsnet

1025 912 1145 992 Pelopia
1158 913 1215 974 lilia
1234 935 1287 974 sun
1300 927 1386 974 natus
1401 916 1511 976 luisset.
1526 913 1614 980 Unde
1642 915 1731 973 illico
1750 915 1799 972 filia

1026 1001 1191 1080 amplexum
1206 1003 1319 1078 invasit,
1338 1025 1374 1064 ex
1388 1025 1445 1083 qua
1459 1017 1545 1064 nattis
1559 1017 1605 1064 cst
1620 1023 1714 1082 puer,
1727 1022 1799 1080 quen

1027 1090 1074 1148 illa
1087 1091 1116 1149 in
1128 1091 1214 1152 silvas
1226 1108 1349 1174 propter
1363 1093 1571 1155 conscientiam
1585 1091 1716 1170 abjecit.
1731 1119 1743 1142 ι
1758 1095 1798 1150 Dia

1027 1178 1176 1255 Chrysost.
1190 1200 1221 1259 p.
1236 1185 1314 1259 349:
1330 1181 1386 1244 Kal
1400 1179 1537 1257 xnssxo'rrq
1553 1181 1603 1264 μὲν
1616 1179 1655 1240 τὰ
1669 1179 1799 1242 enims.

1027 1267 1059 1345 τῇ
1081 1265 1204 1328 Πελοπία
1225 1266 1253 1328 dl
1272 1269 1392 1352 lnnrlp
1415 1269 1513 1352 ἰμίχθη
1534 1269 1582 1330 καὶ
1605 1267 1656 1329 τὸν
1684 1269 1799 1347 Aiytrln

1027 1352 1161 1438 ἔσπειρεν·
1175 1337 1248 1427 οἶτος
1259 1356 1287 1418 ll
1300 1358 1439 1420 dnlxreur
1460 1359 1509 1440 μὲν
1522 1361 1595 1439 μετὰ
1614 1361 1668 1430 τῆς
1686 1359 1800 1419 Κλυται-

1028 1445 1161 1528 pvricrpse
1172 1448 1218 1510 'clv
1228 1447 1412 1530 Ἀγαμέμνονα
1422 1448 1468 1511 τὸν
1479 1446 1597 1528 ποιμένα
1606 1451 1666 1507 τῶν
1681 1447 1798 1526 Mys-sir.

1067 1537 1176 1614 Hygini
1187 1538 1283 1599 verbis
1296 1540 1472 1619 Lessingius,
1485 1539 1667 1612 Brunckius,
1681 1539 1734 1596 alii
1744 1538 1799 1596 due
1820 1577 1821 1616 y

1028 1642 1092 1682 rum
1113 1629 1316 1706 tragediarum
1329 1630 1491 1708 fragmenta
1508 1629 1664 1688 contineri
1685 1627 1799 1685 arbitra
1820 1651 1821 1688 ς

1028 1711 1144 1790 bantur,
1155 1737 1249 1798 neque
1260 1717 1453 1778 dubitandum
1465 1731 1508 1780 est
1518 1719 1593 1798 quin
1606 1729 1674 1776 tota
1682 1717 1798 1776 narratio

1027 1822 1065 1862 ex
1082 1803 1195 1864 duabus
1216 1806 1349 1886 partibus
1366 1808 1441 1867 male
1460 1807 1671 1866 consarcinata
1688 1825 1752 1864 esse
1767 1805 1798 1861 vi·

1028 1891 1140 1954 deatur.
1162 1901 1264 1974 ltaque
1281 1917 1371 1975 quum
1385 1897 1527 1975 Thyestes
1539 1895 1705 1972 Sicyonius
1726 1895 1765 1950 rel
1779 1896 1797 1950 ι’.

1031 1980 1147 2042 Σικυῶνι
1159 1985 1274 2058 citetur,
1290 2005 1346 2064 pro
1360 1999 1441 2046 certo
1453 1984 1621 2044 habuerunt
1634 1985 1730 2042 alium
1742 2003 1798 2058 quo

1028 2090 1085 2149 que
1098 2073 1253 2150 Thyestem
1266 2074 1371 2151 luisse,
1386 2076 1473 2154 quisi
1486 2093 1546 2132 nnn
1563 2073 1734 2150 inscriptus
1746 2072 1798 2128 lue-

1025 2160 1065 2218 rit
1076 2165 1258 2240 Mycenaeus,
1278 2175 1374 2223 tamen
1386 2165 1426 2224 ita
1439 2184 1456 2224 a
1468 2176 1556 2246 poeta
1571 2163 1667 2222 luerit
1685 2182 1799 2239 compo-

204 842 259 902 τυῑς
268 834 350 902 λίνοις
365 831 564 914 λυμὸανόντιιν.

513 977 673 1004 cvr-OQ·-

372 1069 573 1134 THYESTES
593 1063 804 1130 slcvorvttJS.

245 1191 289 1248 De
303 1187 431 1265 Thyeste
443 1187 574 1268 Hyginus
587 1183 656 1244 Tab.
670 1185 724 1242 ὅθι
739 1181 902 1260 «Thyestes
914 1197 975 1238 sce-

206 1281 266 1339 lere
280 1279 392 1338 uelnrio
404 1279 521 1356 cognito
532 1275 661 1356 profugit
671 1274 709 1335 ad
723 1291 818 1352 regem
830 1271 975 1349 Thespro-

207 1382 278 1429 tum.
291 1401 326 1414 -
342 1367 414 1427 Inde
427 1369 580 1444 Sicyonem
593 1364 732 1445 pervenit,
747 1361 799 1423 ubi
813 1373 875 1422 erat
887 1361 974 1420 Pelo-

208 1459 255 1538 pia
268 1457 324 1517 lilia
338 1457 474 1535 Thyestis
487 1455 629 1534 deposita.
643 1453 689 1513 lbi
705 1473 774 1512 casu
785 1462 871 1511 nocte
884 1469 974 1528 quum

207 1549 346 1608 Minervae
361 1545 550 1620 sacrificaret,
564 1545 737 1616 intervenit;
755 1541 806 1620 qui
820 1541 925 1600 timens
937 1557 975 1598 ne

129 1693 134 1702 ,
206 1655 286 1696 sacra
300 1635 519 1708 contaminaret,
529 1633 559 1694 iu
573 1632 640 1693 luco
653 1631 779 1692 delituit.
792 1628 910 1710 Pelopia
922 1647 975 1687 au·

207 1737 264 1784 tem
273 1743 364 1802 tynum
374 1723 494 1782 choreas
507 1723 599 1796 ducit,
612 1723 693 1801 lapsa
705 1732 814 1780 vestem
825 1739 860 1777 ex
870 1735 974 1776 cruore

209 1813 328 1894 pecudis
346 1813 518 1893 inquinavit.
542 1815 613 1888 Quas
634 1809 701 1870 dum
723 1808 760 1869 ad
784 1809 892 1870 llumen
914 1805 974 1865 exit

205 1903 375 1983 sanguinem
391 1900 530 1975 abluere,
546 1901 673 1960 tunicam
692 1899 865 1958 maculatam
884 1896 976 1974 depo-

206 1991 268 2064 nit,
282 1992 378 2070 capite
397 1989 527 2050 obducto
542 1989 685 2066 Thyestes
699 2009 715 2048 e
730 1988 798 2047 luco
819 1983 974 2066 prosilivit.

206 2087 245 2140 At
257 2099 292 2140 ea
307 2079 525 2157 compressione
541 2077 668 2157 gladium
685 2075 722 2136 de
745 2073 849 2154 vagina
871 2073 898 2132 ei
919 2091 973 2130 ex·

207 2168 297 2228 traxit
313 2167 430 2243 Pelopia
441 2180 471 2226 et
487 2167 601 2227 rediens
613 2167 643 2224 in
658 2163 799 2244 templum
819 2159 873 2220 sub
890 2178 975 2218 acro-

205 2257 298 2336 pndin
322 2257 461 2315 Minervas
492 2254 654 2315 abscondit.
677 2257 797 2312 Postero
822 2247 871 2307 die
893 2260 975 2326 rogat

206 2365 301 2425 regem
315 2345 464 2423 Thyestes,
477 2356 509 2404 ut
522 2346 595 2404 sein
610 2343 732 2423 patriam
745 2339 866 2419 Lydiam
878 2338 975 2397 remit·

206 2435 425 2496 teret.'lnterim
446 2435 581 2495 sterilitas
598 2432 725 2511 Mycenis
739 2431 853 2511 l'rugum
875 2449 908 2488 ac
922 2449 976 2508 pe·

207 2525 289 2586 nuria
302 2523 397 2584 oritur
410 2524 450 2584 ob
461 2525 544 2585 Atrei
556 2523 658 2583 scelus.
674 2521 720 2582 lbi
733 2538 906 2600 responsum
920 2530 974 2595 est,

206 2627 240 2674 ut
250 2615 405 2692 Thyestem
415 2614 446 2674 in
456 2631 579 2693 regnum
591 2611 753 2672 reduceret.
762 2610 822 2683 Qui
833 2627 923 2687 quum
936 2607 973 2666 sd

205 2703 402 2782 Thesprotum
416 2721 511 2782 regern
525 2703 602 2772 isset,
616 2700 759 2760 aestimans
770 2697 922 2775 Thyestem
932 2693 973 2754 ibi

206 2791 324 2863 morari,
333 2791 481 2870 Pelopiam
491 2790 605 2868 aspexit
616 2803 644 2848 et
652 2786 934 2868 rogatThesprotnm
944 2795 975 2843 ut

205 2877 263 2938 sibi
276 2879 427 2958 Pelopiam
439 2879 468 2938 in
481 2877 646 2958 conjugium
662 2877 754 2948 daret,
765 2872 847 2954 quod
859 2885 975 2954 putaret

206 2987 267 3027 cam
281 2968 440 3047 Thesproti
463 2987 525 3028 esse
542 2967 640 3028 liliam.
654 2967 844 3044 Thesprotus,
863 2983 899 3021 ue
916 2983 973 3040 qua

206 3056 333 3135 suspicio
344 3067 438 3128 esset,
452 3056 501 3115 dat
521 3056 547 3114 ei
559 3053 726 3134 Pelopiam,
748 3073 813 3131 quas
829 3051 889 3130 jam
903 3072 974 3110 con·

206 3157 324 3224 ceptum
347 3163 382 3202 ex
402 3156 485 3224 patre
509 3145 632 3220 Myeste
651 3141 780 3202 habebat
800 3142 972 3220 AEgisthum.

206 3239 279 3309 Qum
288 3253 379 3313 quum
390 3231 427 3292 ad
439 3237 558 3293 Atreum
569 3231 704 3301 venisset,
714 3231 792 3310 parit
801 3230 973 3309 AEgisthum,

205 3341 290 3402 quem
301 3323 446 3404 exposuit.
457 3328 496 3384 At
504 3334 636 3403 pastores
645 3339 738 3402 capra
747 3332 973 3399 supposuerunt,

203 3433 289 3492 quem
304 3419 411 3474 Atreus
422 3413 509 3492 jussit
523 3410 653 3492 perquiri
671 3420 700 3470 et
711 3430 767 3490 pro
779 3427 832 3468 suo
844 3407 971 3468 educari.

203 3504 321 3562 iuterim
334 3507 440 3562 Atreus
461 3502 549 3560 mittit
567 3507 811 3578 Agamemnonem
831 3511 860 3557 et
871 3503 971 3558 Mene-

203 3593 279 3652 laum
292 3593 366 3652 lilins
384 3592 419 3652 ad
437 3591 629 3671 quaerendum
646 3591 822 3668 Thyestem,
841 3589 891 3667 qui
905 3589 972 3648 Del·

1027 2249 1119 2324 situs,
1134 2264 1167 2310 ut
1181 2273 1245 2332 que
1258 2253 1387 2332 Mycenis
1402 2267 1481 2333 gesta
1495 2265 1609 2326 essent,
1629 2254 1799 2310 continerer.
1822 2249 1823 2272 ¹

1027 2341 1092 2410 Qua
1103 2339 1138 2400 de
1153 2362 1184 2399 re
1196 2343 1366 2401 Welclrerns
1379 2342 1466 2402 valde
1477 2363 1508 2402 se
1521 2341 1665 2400 dubitare
1679 2341 1732 2400 ait.
1746 2345 1798 2398 l'o

1026 2449 1088 2488 cem
1104 2431 1181 2489 cuim
1195 2429 1339 2499 Σικυώνιος
1358 2431 1428 2491 addi
1443 2433 1575 2511 potuisse
1595 2443 1718 2504 censet,
1739 2431 1799 2507 sytria

1026 2517 1110 2576 etiam
1121 2515 1223 2601 Ἀτρεὺς
1232 2521 1259 2579 ἐν
1266 2519 1405 2594 Μυκήναις
1415 2541 1451 2582 ex
1460 2522 1589 2599 Thyeste
1598 2521 1746 2597 Sicyonio
1758 2540 1800 2575 vo-

1026 2607 1085 2665 cari
1099 2607 1238 2686 potuerit,
1251 2622 1283 2668 ut
1295 2611 1350 2670 alia
1362 2604 1501 2691 tragiedia
1511 2615 1668 2684 exTereo,
1682 2609 1712 2667 id
1727 2608 1799 2686 quod

1026 2693 1112 2753 etiam
1131 2715 1148 2754 a
1168 2699 1363 2776 grammaticis
1384 2699 1491 2758 lactum
1513 2701 1561 2759 sit.
1582 2703 1686 2778 Negat
1707 2713 1799 2756 autem

1026 2805 1090 2864 quas
1102 2785 1200 2844 sintin
1214 2788 1342 2864 Thyeste
1354 2788 1492 2866 Sicyonio
1510 2789 1662 2868 exposita,
1676 2787 1800 2865 Sicyone

1027 2874 1072 2948 agi
1083 2915 1091 2942 ,
1102 2876 1170 2952 quia
1181 2895 1246 2954 quae
1257 2890 1337 2956 gesta
1350 2877 1475 2955 Sicyone
1492 2891 1672 2952 narrentur,
1695 2878 1800 2956 tragica

1026 2965 1165 3040 gravitate
1187 2964 1323 3025 destituta
1344 2967 1411 3025 sint.
1432 2967 1538 3026 Omnia
1558 2967 1650 3046 igitur
1673 2967 1800 3042 Mycenis

1026 3065 1090 3112 ncta
1110 3065 1189 3112 ratus
1214 3054 1326 3114 nullum
1349 3055 1433 3116 alteri
1453 3055 1576 3132 Thyesti
1593 3067 1800 3134 argumentum

1026 3141 1151 3220 relinqui
1169 3144 1226 3214 ait,
1250 3143 1376 3222 ideoque
1397 3143 1538 3204 credibile
1563 3143 1655 3202 videri
1672 3141 1799 3214 Θυέστῃ

1025 3230 1143 3314 δεύτερον
1165 3233 1320 3292 secundam
1340 3253 1402 3294 esse
1421 3234 1623 3293 recensionem
1638 3233 1797 3311 uagoediae.

1025 3325 1160 3381 Ceterum
1183 3322 1334 3381 oraculum
1359 3323 1485 3383 maxime
1518 3320 1714 3382 memorabile
1738 3343 1797 3381 esse

1025 3424 1138 3486 censet,
1149 3411 1217 3491 quia
1230 3413 1388 3474 necessitas
1401 3413 1522 3473 ultionis
1534 3433 1601 3472 cuna
1624 3413 1795 3472 sacerdotali

1025 3501 1210 3561 oraculorum
1237 3503 1377 3581 potentia¹
1390 3501 1608 3582 conjungatur,
1628 3522 1691 3581 qua
1721 3501 1751 3561 in
1768 3523 1794 3560 re

1025 3604 1162 3670 tanquam
1191 3590 1379 3652 fundamento
1402 3587 1455 3670 ¹jus
1479 3598 1653 3652 Graecorum
1679 3592 1793 3650 nitatur.

205 3682 278 3760 phos
301 3681 451 3760 petierunt
470 3681 655 3740 sciscitatum.
669 3683 745 3742 Casu
772 3677 913 3754 Thyestes
934 3697 971 3736 eo
1024 3679 1104 3739 Filiis
1120 3679 1255 3758 Thyestis
1276 3681 1435 3740 intersectis
1455 3682 1552 3759 potius
1575 3679 1672 3738 videri
1696 3681 1752 3754 ait,
1765 3693 1793 3736 ut

204 3782 321 3830 venerat
338 3768 374 3828 ad
393 3782 485 3829 sortes
504 3769 647 3830 tollendas
672 3769 708 3829 de
732 3768 842 3830 ultione
863 3767 970 3832 fratris.
1024 3769 1082 3828 lilia
1096 3789 1132 3829 ex
1149 3782 1234 3850 patre
1248 3771 1371 3830 ultorem
1384 3771 1493 3849 pariat,
1507 3789 1592 3849 quam
1609 3781 1645 3827 ut
1655 3768 1792 3828 subdolus

204 3857 436 3937 Comprehensus
458 3858 499 3932 ab¹
518 3860 559 3917 eis
581 3858 618 3918 ad
638 3859 759 3920 Atreum
786 3855 970 3938 perducitur,
1024 3858 1137 3918 occisor
1151 3877 1265 3936 poennm
1278 3861 1393 3940 cognati
1412 3859 1559 3938 sanguinis
1582 3857 1700 3936 prolusi
1718 3858 1790 3916 divi-

203 3965 290 4022 quem
305 3952 411 4008 Atreus
432 3947 462 4005 in
484 3946 644 4006 custodiam
664 3947 769 4025 conjici
788 3945 875 4024 jussit
888 3947 970 4026 AEgi-
1022 3965 1127 4007 namve
1151 3948 1307 4008 vindictam
1334 3949 1465 4029 cllugiat.
1483 3948 1608 4026 Reliqua
1638 3967 1677 4006 an
1703 3948 1789 4006 mium

203 4034 358 4112 sthumque
377 4049 463 4094 vocat
484 4035 626 4094 aestimans
649 4055 732 4094 suum
755 4035 846 4093 lilium
865 4055 927 4094 esse
940 4049 969 4096 et
1023 4050 1102 4097 recte
1116 4035 1316 4117 disputaverit,
1327 4036 1521 4097 dubitandum
1533 4047 1584 4094 est.
1597 4039 1673 4095 Nam
1684 4038 1789 4095 etiamsi

204 4122 405 4181 mittiteumad
414 4123 570 4201 Thyestem
578 4123 819 4185 interficiendum.
829 4125 969 4202 Thyestes
1024 4145 1081 4184 una
1092 4125 1229 4203 tragoedia
1237 4127 1438 4186 tantummodo
1449 4127 1537 4186 luerit
1548 4143 1644 4204 eaque
1651 4123 1699 4183 bis
1709 4126 1788 4196 edita,

202 4231 294 4289 quum
304 4211 593 4290 vidissctAEgisthum
606 4214 779 4293 etgladium,
789 4233 875 4292 quem
887 4216 970 4294 AEgi-
1025 4227 1120 4274 tamen
1141 4215 1220 4294 quod
1238 4215 1358 4275 additur
1378 4212 1523 4282 Σικυώνιος
1541 4214 1585 4273 vel
1603 4215 1632 4272 lv
1657 4216 1787 4278 Σικυῶνι.

202 4303 284 4360 sthus
305 4299 442 4378 gerebat,
463 4303 660 4380 cognovisset,
673 4323 757 4381 quem
771 4304 801 4364 in
819 4324 969 4384 compres-
1022 4303 1096 4363 aden
1110 4304 1299 4364 memorabile
1310 4317 1363 4380 est,
1372 4317 1404 4364 ut
1413 4305 1485 4364 nlius
1495 4306 1576 4364 locus
1588 4321 1678 4382 quam
1687 4305 1784 4381 Sicyon

203 4391 284 4450 sione
306 4387 491 4470 perdiderat,
510 4390 668 4469 interrogat
690 4393 870 4469 AEgistbum,
892 4395 969 4454 uude
1022 4395 1143 4473 cogitari
1157 4415 1216 4454 non
1234 4396 1334 4474 possit.
1351 4399 1426 4456 Sane
1439 4392 1629 4454 memorabile
1642 4404 1698 4468 est,
1712 4393 1784 4472 quod

201 4481 282 4540 illum
294 4479 425 4540 haberet.
439 4481 492 4539 lile
504 4481 655 4560 respondit
672 4495 793 4542 matrem
809 4482 864 4542 sibi
879 4486 968 4546 Pelo·
1022 4480 1106 4566 Ἀτρεῖ
1118 4483 1136 4556 ἢ
1150 4481 1182 4564 (l.
1196 4483 1234 4566 lv)
1245 4481 1382 4558 Μυκήναις
1392 4483 1497 4544 citatur
1510 4482 1589 4563 apud
1601 4482 1783 4560 Hesychium.

201 4571 281 4650 piam
299 4569 431 4645 dedisse,
449 4590 537 4648 quam
552 4569 637 4648 jubet
656 4572 772 4630 accersi.
783 4573 836 4632 Cui
852 4592 969 4652 respon·
1022 4573 1107 4646 Quod
1123 4575 1145 4633 si
1163 4573 1315 4652 antiquum
1337 4586 1381 4633 est
1393 4585 1528 4651 recteque
1546 4571 1685 4643 citatum,
1707 4591 1783 4628 com-

202 4660 245 4718 dit
269 4679 299 4718 se
324 4661 354 4718 in
380 4661 597 4739 compressione
625 4672 767 4718 nocturna
798 4661 896 4719 nescio
921 4661 967 4720 oui
1021 4665 1107 4724 mode
1121 4667 1182 4724 lieri
1196 4685 1254 4724 nou
1267 4663 1450 4744 potuit,nisi
1463 4661 1632 4724 etiamalibi
1650 4681 1782 4721 memma

200 4747 335 4808 eduxisse
346 4760 376 4808 et
388 4770 425 4809 ex
441 4770 474 4810 ea
486 4750 701 4830 compressione
716 4749 968 4829 AEgisthum'cnn·
1020 4752 1088 4814 bilia
1105 4755 1185 4814 Atrei
1204 4755 1279 4814 sacta
1298 4765 1456 4816 exstarent.
1478 4753 1623 4828 Quocirca
1647 4749 1781 4810 credibile

201 4836 319 4915 cepisse.
329 4841 409 4896 Tunc
423 4839 543 4918 Pelopia
557 4839 684 4918 gladium
697 4841 820 4919 arripuit
829 4841 967 4900 simulans
1020 4841 1138 4903 videtur
1149 4843 1178 4902 in
1192 4845 1282 4903 altera
1294 4843 1431 4922 tragoedia
1444 4842 1571 4920 Thyeste
1587 4840 1727 4916 Sicyonio
1740 4840 1778 4896 in·

201 4945 231 4984 se
244 4945 398 5002 agnoscere
418 4929 490 4986 etin
513 4941 614 5008 pectus
637 4929 693 4989 sibi
716 4929 849 4990 detrusit.
872 4935 966 5004 Quem
1020 4932 1187 4992 traductum
1202 4953 1283 5006 esse,
1304 4935 1335 4992 in
1350 4935 1440 4994 altera
1457 4931 1494 4991 ab
1511 4929 1647 5010 AEgistbo
1666 4929 1779 4988 interle-

200 5014 377 5092 AEgisthuse
392 5030 508 5093 pectore
523 5021 622 5077 matris
642 5031 793 5078 cruentum
808 5033 907 5080 tenens
929 5019 966 5079 ad
1019 5034 1108 5081 ctum.
1118 5024 1257 5100 Thyestes
1270 5024 1358 5101 igitur
1370 5023 1524 5100 Sicyonem
1535 5020 1648 5079 venisse
1659 5017 1777 5086 videtur,

200 5110 321 5163 Atreum
340 5105 445 5164 attulit.
454 5105 506 5165 llle
520 5108 663 5167 aestimans
678 5109 835 5186 Thyestem
849 5111 967 5170 interle-
1020 5123 1052 5170 ut
1066 5133 1083 5172 a
1097 5133 1165 5192 rege
1179 5115 1208 5172 in
1223 5112 1344 5190 Lydiam
1357 5112 1479 5190 patriam
1495 5111 1685 5170 reduceretur
1697 5108 1776 5166 erita-

200 5193 444 5255 ctumlaetabatur
476 5215 562 5272 quem
578 5197 763 5275 AEgistbusiu
780 5199 866 5260 litore
881 5201 968 5260 sacri·
1018 5215 1120 5280 retque
1131 5203 1295 5282 piaculum,
1314 5199 1392 5279 quod
1406 5200 1527 5259 oraculo
1550 5195 1774 5277 portenderetur.
