3680 5790
575 455 787 524 soauoctts
806 453 1055 521 FRAGMENTA.
1554 465 1611 522 ³29

32 597 158 658 τιθιλονσα
168 595 251 680 piper.
262 601 294 658 V.
306 597 323 656 5
336 597 498 658 codVatic.
506 595 627 678 ναίοντ’.)
635 579 788 658 Difficilior
883 593 1027 653 Praeterea
1047 590 1101 650 viri
1121 591 1199 650 docti
1220 611 1279 650 non
1295 590 1498 667 consentiunt,
1512 605 1611 653 utrum

29 701 67 748 cst
87 707 185 747 versus
210 686 289 768 apud
311 687 482 747 Erotinnum
503 708 532 766 p.
559 690 614 754 304
635 708 642 745 :
660 682 789 747 Παιδικθν
844 682 984 760 tragoedia
998 682 1086 741 suerit
1105 701 1142 740 an
1163 680 1261 740 sabula
1281 682 1414 759 satyrica.
1429 686 1613 744 Hermannus

29 777 103 846 πίθος
115 799 123 834 :
134 775 244 835 παιδίαν
259 780 303 835 νῦν
325 775 373 849 τὴν
386 773 593 858 παιδοτροφίαν,
606 775 663 835 ὅθεν
675 772 720 834 καί
735 775 789 834 Σο-
843 790 880 830 cx
900 790 958 831 una
976 771 1025 830 illa
1046 791 1120 831 voce
1140 767 1273 852 ύλίιιτοιρ,
1292 772 1430 850 tragicam
1444 772 1473 831 ei
1486 771 1612 852 (lignita-

30 867 119 939 σοιιλῆς
132 867 159 924 ἰν
173 864 262 948 netto
274 863 357 948 ρησί·
461 891 463 896 ’
544 895 545 898 ¹
844 872 899 920 tem
914 860 1009 920 inesse
1023 879 1144 940 negans,
1158 859 1298 920 conclusit
1319 859 1444 918 fabulam
1459 861 1613 940 satyricam

843 949 940 1010 fuisse.
954 949 1042 1020 Quod
1057 968 1111 1009 nos
1130 949 1216 1009 nimis
1233 949 1401 1030 ambiguum
1424 949 1479 1009 rati
1497 970 1613 1027 sumus,

32 1023 103 1106 l⁴²⁵i
121 1019 238 1087 Ail’l‘ll
250 1021 344 1096 αὐτὴν
353 1012 399 1089 ὅδ’
410 1008 519 1115 (wlb-
530 1008 601 1114 ὧδ’)
613 1011 789 1088 imiimi
844 1041 1002 1120 praesertim
1013 1060 1102 1118 quum
1116 1061 1152 1099 ne
1162 1041 1198 1099 de
1208 1039 1414 1120 significatione
1428 1039 1547 1119 quidem
1558 1060 1614 1101 vo·

682 1131 789 1231 [μάλα.
844 1130 884 1190 cis
894 1131 1090 1205 satisconstet,
1101 1151 1186 1210 quam
1198 1132 1247 1190 alii
1255 1131 1614 1209 aliterexplicaverunt.att

844 1219 925 1280 valde
938 1219 1131 1280 dubitandum
1151 1233 1213 1293 est,
1233 1241 1270 1280 an
1295 1219 1449 1299 Euripides
1467 1220 1614 1300 tragoediae

32 1294 187 1356 Welckerus
204 1295 236 1354 οὗ
256 1295 342 1356 initio
362 1295 527 1356 addendum
556 1308 635 1356 talus
656 1294 790 1356 Medeam
844 1329 901 1367 non
915 1310 1015 1368 lecerit
1028 1323 1241 1389 argumentum,
1255 1309 1335 1389 quod
1350 1308 1510 1387 Sophocles
1530 1323 1615 1370 antea

29 1397 72 1442 aut
85 1383 184 1444 fraude
198 1383 313 1445 detecta
326 1398 376 1445 aut
390 1387 528 1446 miraculo
546 1398 688 1446 transacto
701 1385 790 1444 intel·
844 1400 941 1480 fabul,
950 1403 1060 1462 ludim
1080 1403 1220 1477 tractarit,
1230 1422 1326 1481 neque
1343 1423 1388 1461 ηις
1402 1403 1465 1480 ipsa
1477 1414 1521 1460 est
1532 1403 1613 1481 ejus.

28 1472 100 1574 lexit.
113 1479 211 1533 Potest
222 1475 311 1534 etiam
323 1475 563 1535 medicamentum
575 1473 696 1553 intelligi
710 1474 791 1554 quod
844 1490 934 1565 modi,
955 1491 984 1550 qn
1000 1513 1058 1570 qua
1083 1494 1150 1572 piu,
1171 1505 1256 1572 ,meta
1281 1505 1338 1551 tam
1355 1491 1567 1550 contumaciter
1585 1504 1615 1551 ες

30 1568 90 1624 saell
103 1563 196 1652 Simile
219 1564 293 1624 illud
316 1565 454 1625 effecerit·
479 1570 521 1625 lla
549 1585 608 1624 ¹¹01!
630 1564 789 1624 absurdum
844 1577 948 1638 frivole
961 1579 1111 1642 elaborare
1132 1583 1269 1660 potuerit,
1282 1601 1371 1659 quum
1391 1579 1428 1640 ad
1445 1580 1614 1659 antiquissi-

29 1664 111 1721 esset,
124 1651 147 1710 si
160 1653 235 1713 aries
243 1654 391 1733 juventuti
401 1655 556 1716 'restitutus
572 1656 790 1735 intelligeretur.
845 1685 920 1727 mam
936 1669 1102 1748 religionem
1117 1671 1268 1750 pertineat,

31 1738 106 1839 alliud
120 1739 312 1820 fragmentum
334 1743 413 1822 apud
432 1745 609 1823 Hesychium
627 1745 675 1803 vix
697 1745 791 1823 expli·
885 1765 1025 1838 Magnum
1039 1774 1134 1821 tamen
1150 1762 1306 1822 discrimen
1327 1761 1404 1822 inter
1417 1762 1572 1842 Sophoclis
1586 1776 1616 1822 et

30 1846 82 1885 (θη
94 1841 196 1906 Ρθῑθθῑ·
211 1829 530 1914 «Ἄῖπῶσαςννδῑαχὲας
543 1831 686 1907 ’salvifac-
702 1835 791 1916 Σοφο-
843 1847 991 1927 Euripidis
1014 1850 1171 1911 Alcestides
1196 1851 1392 1911 intercessisse
1420 1850 1553 1928 videtur,
1584 1852 1614 1910 id

27 1916 87 1990 llis
97 1915 275 1998 ‘Ptlasdpow
844 1936 925 2013 quod
939 1937 1048 1998 indicat
1061 1940 1274 2018 grammaticus,
1289 1939 1339 2019 qni
1352 1953 1553 2020 argumentum
1563 1939 1615 1999 Al-

844 2025 961 2086 cestidis
975 2028 1140 2107 Euripidem
1154 2029 1289 2107 scripsits
1306 2031 1372 2111 παρ’
1385 2027 1513 2109 οὐδετέρῳ
1529 2036 1616 2088 κεῖται

843 2104 1333 2188 ἡμυθοποιίαίθσίσίιενυσιμιὶιίοιιι
1354 2108 1539 2168 scholiastam
1558 2109 1613 2168 lal-

31 2201 94 2262 eoa.
108 2201 230 2272 ίσιοίσας.
244 2208 378 2265 Fortasse
391 2220 470 2266 recte
484 2206 641 2267 scribitur:
844 2212 907 2251 ⁸⁰¹³
926 2213 987 2254 ⁰⁵⁵²
1009 2195 1148 2272 affirmat,
1169 2198 1237 2276 quia
1263 2197 1452 2277 l>⁶¹⁸⁵Picuum
1476 2197 1513 2256 ⁵l²
1536 2196 1615 2256 idem

752 2305 755 2313 ·
844 2297 1045 2360 argumentum
1056 2305 1118 2346 esse
1130 2307 1147 2346 a
1159 2287 1304 2366 Sophocle
1317 2297 1479 2346 tractatum.
1493 2291 1532 2346 at
1543 2284 1615 2364 quid

845 2370 998 2432 scholiasta
1012 2373 1110 2436 dicere
1122 2375 1247 2435 voluerit
1263 2388 1292 2435 et
1306 2396 1372 2454 qnae
1391 2375 1540 2454 tragoediae
1558 2379 1616 2435 So·

33 2452 124 2510 Procul
139 2451 229 2512 dnbio
240 2451 352 2531 aliquid
368 2453 542 2533 magicarum
560 2455 666 2515 artium
679 2456 791 2518 intelli·
845 2458 975 2538 phocleae
986 2463 1117 2523 conditio
1130 2462 1236 2542 suerit,¹
1256 2463 1329 2524 adeo
1348 2464 1490 2524 incertum
1505 2476 1568 2536 est,
1582 2476 1617 2522 ut

32 2539 109 2615 gitur,
120 2541 248 2620 ideoque
256 2543 483 2602 referendumad
495 2545 593 2604 nuncii
611 2546 790 2623 relationem,
845 2549 876 2608 in
890 2568 921 2609 re
937 2563 994 2610 tam
1012 2551 1136 2612 obscura
1155 2553 1238 2613 illum
1256 2553 1364 2613 erroris
1382 2574 1442 2612 non
1461 2553 1547 2612 liceat
1565 2572 1615 2612 ar-

32 2628 76 2704 qui
88 2627 207 2690 iortasse
220 2649 255 2690 en
271 2631 353 2710 ipsa,
369 2652 434 2711 quae
446 2633 564 2693 Peliasa
577 2633 679 2694 Medea
696 2634 791 2696 lacere
844 2657 942 2718 gnere.
954 2640 997 2702 hc
1010 2644 1156 2722 tragoediae
1168 2641 1331 2722 Euripidae
1341 2642 1478 2722 prologus
1493 2661 1615 2721 prorsus

24 2715 190 2793 nabebatur,
208 2721 358 2798 exposuit.
380 2725 458 2781 Puer
472 2735 568 2782 autem
583 2743 682 2783 cereus
701 2736 745 2783 est
758 2738 792 2784 ut
845 2747 1075 2806 supervacaneus
1089 2731 1177 2792 faisse
1197 2731 1349 2808 videatur,
1365 2732 1389 2790 si
1405 2731 1507 2790 eodem
1525 2729 1614 2790 modo

33 2807 101 2882 apud
115 2811 214 2869 Horat.
225 2810 312 2872 Satir.
324 2817 348 2890 l,
362 2812 390 2887 8,
407 2813 444 2880 43
456 2824 486 2870 et
499 2813 599 2884 41..οί
615 2812 704 2876 ovid.
720 2817 790 2876 Her.
844 2817 1004 2895 Sophocles
1016 2818 1091 2879 idem
1114 2833 1319 2900 argumentum
1340 2832 1530 2894 tractaverat,
1546 2838 1615 2898 spe-

36 2897 117 2972 lll,qr
132 2903 255 2960 etServ.
271 2900 307 2959 ad
322 2901 399 2979 Virg.
416 2901 475 2960 Eel.
487 2905 567 2976 Vlll,
583 2903 629 2963 ao.
844 2917 1028 2986 ctatoresque
1048 2908 1146 2969 eadem
1165 2909 1215 2970 illa
1237 2930 1275 2970 ex
1298 2908 1453 2990 Sophoclis
1475 2907 1615 2988 tragoedia

845 2993 1014 3055 didicerant.
1040 2999 1164 3058 Difficile
1183 3011 1227 3058 est
1249 3012 1346 3060 autem
1367 2998 1516 3078 explicare
1542 2997 1614 3076 quid

844 3083 1003 3162 Sophocles
1017 3088 1129 3168 proprii
1141 3088 1286 3164 hahuerit,
1298 3089 1349 3168 qui
1361 3087 1481 3148 fortasse
1494 3087 1616 3164 AEschy·

309 3191 503 3258 ALOESTIS·
845 3172 903 3231 lum
918 3176 1044 3252 pressius
1057 3189 1172 3237 secutus
1186 3190 1243 3254 est,
1256 3179 1308 3258 qui
1323 3178 1364 3238 ait
1383 3178 1416 3237 in
1430 3183 1514 3238 Eum.
1532 3178 1589 3255 qod
1606 3195 1614 3238 :

31 2068 103 2148 [tto]
208 2064 310 2161 Κόρον
329 2065 484 2147 diarrhoea
502 2076 574 2163 πῦρ.
676 2106 679 2112 -

206 2305 308 2400 Κύρον
325 2297 355 2373 δ’
370 2307 523 2389 ἀϊστώσας
538 2309 620 2402 πυρί.

329 3065 492 3090 -..κ-

66 3344 173 3401 Nomen
196 3340 349 3401 Alcestidis
373 3343 519 3423 tragoediae
544 3364 685 3423 nusquam
711 3348 789 3428 apud
924 3317 1034 3428 Τοίῗῦτ,
1047 3317 1159 3401 ἔδρασα(
1170 3319 1216 3379 '‘“l
1234 3317 1356 3428 Φίρητῗς
1369 3321 1397 3379 ἓν
1412 3319 1503 3430 δόμοξί

34 3443 134 3494 veteres
149 3432 308 3512 scriptores
322 3445 514 3507 memoratur,
530 3453 625 3514 neque
640 3449 715 3496 esset
733 3439 791 3498 ulla
924 3407 1027 3486 Μοίρας
1040 3406 1146 3476 ‘'lm“
1163 3405 1287 3516 asilum*
1304 3411 1386 3467 θείνῃ
1400 3410 1518 3490 βίκους·

33 3515 101 3580 illius
113 3523 251 3581 memoria
268 3520 324 3579 nisi
341 3520 514 3581 Plutarchus
531 3522 593 3581 haec
613 3523 705 3584 literis
722 3546 790 3605 pro·

33 3607 140 3670 didisset
150 3612 180 3670 in
193 3609 407 3670 libroDeorac.
417 3609 601 3692 desectncap.
615 3613 660 3688 15,
673 3634 701 3693 p.
715 3625 789 3691 ηιμ,

33 3701 52 3756 F
62 3721 68 3755 :
83 3699 134 3760 Kal
147 3699 200 3779 μὴν
212 3698 276 3766 ὅσας
290 3697 316 3759 ἔν
328 3723 357 3759 τι
367 3697 457 3779 μύθοις
469 3701 514 3760 καί
526 3699 616 3780 ύμνοις
624 3701 733 3782 λέγουσι
744 3703 790 3765 καὶ

34 3785 116 3867 ᾄδουσι
126 3795 203 3850 τοῦτο
213 3787 262 3869 μὲν
272 3786 403 3870 θριιαγθς,
416 3793 494 3849 τοῦτο
506 3788 533 3849 δὲ
544 3790 645 3859 πλάνας
657 3795 721 3852 θεῶν
732 3792 792 3877 κρύ-

34 3879 84 3956 ψεις
99 3901 126 3938 τε
142 3879 187 3940 καί
199 3877 283 3963 ρυγθις
297 3877 343 3939 καί
361 3877 499 3960 λατρείας,
514 3880 544 3940 ού
559 3883 624 3940 θεῶν
641 3883 706 3942 εἰσιν
723 3885 791 3943 ἀλλὰ

35 3965 156 4042 δαιμόνων
173 3966 321 4046 παθήματα
342 3966 388 4027 καί
412 3966 491 4048 τύχαι
513 3969 740 4049 μνημονευόμεναι
758 3972 790 4034 δι’

35 4053 120 4133 ἄρτι-ην
134 4061 179 4116 καί
191 4055 301 4136 δύναμιν
317 4057 421 4117 αὐτῶν·
435 4055 481 4116 καί
493 4056 549 4117 οὔτ’
560 4059 695 4141 Αίσχύλσς
706 4051 790 4134 εἶπεν,

844 3563 927 3625 Idem
935 3565 1054 3644 quidem
1065 3578 1109 3626 est
1120 3566 1151 3626 in
1160 3566 1309 3647 Euripidis
1319 3566 1442 3646 prologo
1452 3566 1605 3626 Alcestidis

844 3666 873 3712 at
896 3655 1072 3714 crediderim
1094 3655 1217 3734 majores
1238 3656 1381 3736 Apollinis
1408 3667 1506 3735 partes
1529 3656 1615 3715 luisse

845 3743 925 3824 apud
938 3744 1113 3824 Sophoclem
1126 3765 1214 3827 quam
1237 3745 1372 3808 Herculis
1394 3744 1472 3824 apud
1497 3745 1616 3824 Euripi·

845 3834 923 3910 dem,
942 3835 1176 3916 explicatamque
1189 3855 1252 3896 esse
1265 3835 1421 3897 Admetum
1436 3847 1581 3894 servatum
1598 3854 1616 3895 a

845 3935 939 3982 morte
962 3925 1116 3985 Alcestidis
1144 3945 1244 3985 amore
1266 3926 1433 3986 interventu
1459 3923 1614 4003 Apollinis.

846 4014 911 4072 Huc
931 4032 986 4073 nos
1004 4013 1102 4092 plures
1121 4027 1252 4074 veterum
1265 4015 1323 4074 loci
1344 4013 1517 4094 perducant.
1541 4013 1615 4073 Plut.

845 4108 941 4164 Amat.
952 4121 976 4161 c.
988 4123 1036 4176 17:
1048 4103 1082 4165 Et
1091 4099 1121 4162 δί
1129 4101 1181 4162 τού
1191 4127 1219 4163 τι
1229 4103 1275 4163 καί
1284 4102 1373 4184 μύθων
1383 4101 1447 4184 πρὸς
1459 4101 1548 4162 πίστιν
1554 4100 1612 4183 dpe-

87 4179 174 4264 'Apris
188 4185 213 4244 τ’
224 4181 344 4244 Ἄπολλον
360 4181 453 4266 φυγάδ’
467 4181 514 4243 ἅτ’
525 4186 635 4266 ούρανοῦ
649 4186 722 4263 θοόν,
844 4193 889 4261 λός
900 4195 975 4270 isra,
988 4195 1065 4267 δηλοῖ
1075 4192 1180 4277 chaspi
1190 4193 1239 4269 τὴν
1253 4195 1396 4269 Ἄλκηστιν
1413 4194 1460 4255 καί
1480 4193 1618 4278 Πρωτεσί-

35 4312 112 4376 sisai
130 4283 292 4404 Σοροοιλίοος
305 4315 454 4398 Ἄδμητος,
844 4281 1415 4460 ζωδξςξὲρξῗίιίίύίεύντθῆύροᾞύύύὶύςρίιύύύ
1426 4283 1617 4453 iiiiiiaoiliiihi

90 4459 177 4539 θύμθς
188 4461 212 4520 δ’
226 4459 346 4543 ἀλίκτονρ
359 4459 438 4522 αὐτὸν
449 4451 499 4542 ἦγε
509 4460 574 4545 πρὸς
587 4462 681 4542 μύλην.
845 4459 905 4531 τούς
919 4459 1013 4529 ἄλλους
1027 4459 1078 4544 (ὥς
1090 4485 1155 4545 φησι
1167 4465 1315 4548 Σοφοκλῆς)
1335 4463 1454 4529 ἅπαντας

37 4600 193 4665 Welclrerus
217 4604 302 4684 ἁγνῶς
325 4605 466 4666 excidisse
488 4619 553 4686 post
577 4605 632 4667 οὔτ’
660 4609 794 4690 Αἰσχύλος
926 4621 1224 4694 οὗτιτοθιτιιιιιὲςοῦτι
1237 4622 1286 4698 τὴν
1300 4622 1380 4705 χάριν

36 4689 153 4787 cpnjieit.
162 4701 249 4756 Deest
258 4708 336 4756 certe
343 4695 471 4798 aliquid..
479 4701 578 4776 Neque
585 4717 656 4758 vero
669 4719 793 4760 consen-
927 4703 1005 4789 οἶδεν,
1023 4715 1106 4797 μόνην
1120 4713 1148 4777 δὲ
1163 4713 1267 4799 στέρξαι
1280 4714 1328 4788 τλν
1342 4714 1435 4782 ἁπλῶς
1446 4712 1533 4788 δίκην.

37 4786 107 4838 nam
118 4781 153 4840 de
170 4785 288 4844 nomine
298 4782 444 4864 tragoediae
462 4796 647 4863 anterpretes.
660 4787 793 4848 Reislius

36 4877 62 4920 et
76 4867 200 4951 plerique
209 4885 276 4952 post
285 4893 352 4933 eum
363 4872 518 4933 Admetum
529 4895 634 4936 nomen
647 4876 794 4956 tragoedia
846 4876 902 4938 Sed
934 4877 1107 4958 integriores
1132 4877 1219 4937 habet
1243 4897 1344 4936 versus
1368 4877 1501 4937 Clemens
1531 4875 1606 4936 Alex

38 4957 201 5037 cetrsebant,
214 4964 385 5028 Welcherus
403 4965 589 5027 atcestidem.
605 4971 670 5026 lloe
687 4987 792 5028 nomen
845 4971 953 5028 Strom.
972 4973 1011 5044 11,
1028 4989 1083 5042 aa,
1100 4976 1153 5038 rat
1172 4989 1179 5026 :
1195 4956 1224 5026 σύ
1235 4969 1297 5047 γοῦν
1313 4965 1478 5049 ήτραγῳδία
1490 4965 1550 5050 περί
1569 4969 1610 5026 noi

38 5059 86 5102 nos
100 5069 213 5130 qnoque
226 5055 325 5114 veritas
338 5055 573 5115 existimavimus.
844 5054 924 5144 ᾍδου
942 5055 1055 5139 γράφει·

39 5155 214 5176 κ-
222 5167 435 5178 ----.-..-.-

378 5229 442 5280 425.
1201 5229 1263 5282 ιίθθ.

71 5289 167 5355 auum
181 5298 256 5358 illam
269 5299 343 5360 hune
357 5301 385 5360 iu
400 5301 514 5362 modum
527 5301 570 5361 loc
585 5301 719 5361 educarit.
816 5231 826 5358 l
920 5308 1040 5364 Puerum
1052 5319 1117 5365 rero
1130 5313 1277 5382 postquam
1290 5306 1354 5382 igne
1364 5303 1515 5381 liquefecit.
