3680 5790
587 383 798 446 soraocns
819 384 1073 457 rasennam.
1116 375 1120 387 '
1567 417 1623 470 sn

30 516 181 596 stophanis
199 517 240 578 ad
260 517 337 578 Nub.
361 517 417 590 ²57
437 536 444 572 ι
467 514 551 595 [369]
571 513 721 594 Ἀθάμαντα
740 514 799 588 δὲὴ
850 525 1052 601 Ιιιιε.ΝερλοΙιι
1064 526 1140 586 enim
1149 531 1284 592 maritum
1297 553 1380 612 poena
1392 554 1450 592 non
1463 537 1562 613 afficit,
1574 539 1625 600 sed

30 604 132 686 Νεφέλη
148 604 228 679 δίκην
245 607 312 686 αὑτῇ
325 602 419 664 δώσειν
432 601 476 664 διδι
487 602 545 671 τούς
556 605 653 672 παῖδας
663 603 801 678 πεποίηκε.
855 611 987 684 Inonem,
1003 632 1090 692 quarn
1103 617 1241 679 Athamas
1255 643 1320 681 cum
1338 623 1453 683 duobus
1467 625 1565 686 liberis
1579 627 1625 687 fu-

30 694 199 776 Προσαχθεὶς
214 685 260 754 ούν
275 693 480 778 στεφανηφορῶν
496 693 522 752 ἐν
535 693 572 774 τῷ
582 694 666 776 βωμῷ
679 697 725 752 τοῦ
740 690 801 762 Διὸς
855 697 983 774 gientem
997 701 1162 770 interficere
1177 722 1252 783 avet,
1273 711 1484 793 interfectoque
1494 716 1624 776 Learcho

30 783 242 865 σφαγησόμενα,
258 783 309 844 ὑπὸ
326 779 488 865 Ἡρακλέους
499 779 640 842 σέσωσται.
659 781 740 843 Ούτω
751 778 802 865 γάρ
854 789 908 845 Ino
920 807 982 848 sese
994 790 1023 850 in
1039 812 1117 854 mare
1129 798 1301 878 praecipitat.
1312 805 1414 880 Neque
1426 802 1481 861 soli
1491 806 1625 868 sterilitas

30 874 169 954 Σοφοκλῆς
199 875 228 932 ἐν
261 873 377 954 δράματι
400 871 530 945 πεποίηκε
551 870 639 952 (vid.
668 870 748 951 qood
772 873 808 939 in.
853 877 1016 958 insequitur
1027 885 1171 960 ariditate,
1183 909 1271 967 quam
1285 892 1416 970 Nephele
1429 895 1513 954 terris
1527 896 1625 956 immi-

30 962 134 1022 Phrixo
166 983 206 1022 ex
238 961 396 1023 Pindaricis
421 959 539 1024 scholiis
570 959 801 1040 exscripsimus).
854 967 933 1044 serit,
945 969 995 1028 sed
1010 972 1088 1050 quod
1106 979 1160 1035 Ino
1177 997 1273 1036 semen
1287 978 1324 1037 ad
1335 982 1501 1042 excitandas
1513 997 1625 1063 segetes

30 1049 133 1118 Ἄλλως.
156 1049 208 1112 Ἐν
229 1048 373 1129 Ἀθάμαντι
392 1049 557 1132 Σοφοκλέους
571 1048 708 1110 θπόκιιται
723 1048 803 1133 Ἀθά·
856 1066 939 1116 terra
964 1057 1166 1122 demandatum
1184 1078 1268 1125 antea
1291 1069 1405 1129 torruit.
1427 1072 1557 1132 Arietem
1580 1074 1625 1132 lo-

30 1163 77 1216 μσς
91 1142 315 1222 στεφανηφορῶν,
336 1136 425 1221 ώσπερ
437 1141 529 1223 ἱερεῖον
548 1137 622 1206 δίκας
642 1136 801 1220 είσετραττό-
854 1159 990 1222 quentem
1000 1151 1169 1228 Apollonius
1179 1152 1214 1235 (1,
1225 1155 1294 1234 257)
1304 1171 1444 1217 memorat
1457 1173 1485 1219 et
1499 1163 1524 1222 si
1537 1160 1624 1241 hujus

30 1250 102 1304 μενος
115 1225 191 1309 παρδι
205 1226 318 1309 Φρίξου.
335 1225 445 1295 Ἀλλως.
468 1229 554 1288 Τοῦτο
569 1225 635 1311 πρός
652 1227 697 1290 τδν
711 1227 799 1310 έτερον
853 1229 1016 1297 scholiastae
1030 1238 1101 1298 fides
1117 1255 1178 1315 est,
1195 1245 1361 1318 Hecataeum
1382 1247 1509 1326 itemque
1525 1270 1625 1330 gram-

30 1313 179 1394 Ἀθάμαντα
196 1315 363 1398 Σοφοκλέους
383 1314 586 1396 ἀποτεινόμενος
605 1314 685 1396 λέγει·
700 1316 734 1377 ‘0
750 1315 801 1400 γάρ
854 1325 978 1388 rnaticus
998 1328 1035 1387 ad
1056 1330 1136 1390 Pers.
1152 1352 1188 1404 7⁰
1202 1345 1231 1391 et
1247 1333 1283 1392 ad
1302 1336 1486 1414 Apollonium
1501 1353 1569 1400 ante
1584 1341 1623 1400 ti-

30 1428 66 1464 τοι
87 1407 232 1486 Σοφοκλῆς
259 1405 389 1478 πεποίηκε
413 1403 564 1485 Ἀθάμαντα
585 1403 800 1491 ἐστεφανωμένον
853 1411 940 1473 hrum
955 1417 1098 1495 primum;
1121 1438 1180 1478 non
1195 1421 1295 1501 igitur,
1310 1437 1342 1483 ut
1358 1425 1485 1500 videtur,
1509 1429 1622 1508 Sopho·

30 1493 70 1553 καὶ
84 1497 248 1576 παρεστῶτα
269 1499 309 1577 τῷ
327 1496 411 1577 βωμῷ
424 1499 470 1556 τοῦ
487 1495 549 1563 Διὸς
568 1493 799 1578 οφογιοοθησὸιιο·
854 1500 923 1563 cles.
939 1506 1088 1585 Nephele,
1103 1529 1167 1586 quae
1183 1512 1303 1570 arietem
1316 1533 1408 1572 aureo
1419 1515 1494 1593 pede
1510 1517 1622 1576 instru-

30 1604 86 1641 νον·
105 1581 244 1663 μελλοντα
263 1583 291 1643 δὲ
309 1583 523 1667 ἀποσφάττεσθαι
547 1584 636 1660 αὐτόν,
650 1583 800 1667 παραγενό-
854 1601 932 1661 ctum
962 1592 1062 1653 liberis
1089 1594 1168 1656 do'no
1194 1596 1324 1674 dederit,
1348 1604 1524 1663 mentionem
1554 1605 1622 1664 facit

31 1695 104 1732 υενον
123 1671 266 1755 Ἡρακλέα
282 1673 328 1734 καλ
342 1680 389 1736 τοῦ
403 1674 516 1735 θανάτου
533 1673 674 1757 ῥυόμενον,
689 1671 801 1752 λέγοντα
853 1682 1059 1742 Eratosthenes
1078 1682 1191 1762 (Catast.
1210 1687 1257 1766 19)
1280 1709 1317 1748 ex
1334 1692 1463 1750 Hesiodo
1475 1705 1504 1751 et
1515 1694 1622 1753 Phere-

32 1762 63 1828 λς
76 1760 187 1832 σώζοιτο
202 1767 217 1824 ό
231 1762 329 1845 Φρίξος
343 1765 375 1824 δι’
394 1762 424 1824 δν
443 1761 553 1843 ἔμελλεν
567 1765 665 1832 ἐκεῖνος
677 1762 799 1837 τεθνήξε-
853 1769 935 1848 cyde.
949 1772 1144 1850 Apollodorus
1158 1779 1280 1836 Inonem
1293 1793 1390 1839 narrat
1406 1781 1494 1840 totius
1508 1783 1621 1860 generis

30 1854 98 1922 “Aah
113 1852 249 1931 AP⁰⁵l0b
270 1856 357 1925 ΧΠῙ,
374 1855 435 1922 462
461 1852 509 1926 Μὴ
531 1857 590 1920 θοᾶς
614 1851 750 1936 ἄνθρωπον
766 1855 800 1920 ὥς
842 1860 1000 1934 marronis,
1017 1863 1244 1942 utaitHyginus,
1260 1879 1293 1925 ut
1307 1888 1406 1928 semen
1424 1871 1513 1929 tritici
1531 1885 1622 1931 torre·

30 1938 153 2017 Ἀθάμας·
175 1940 275 2016 λείπει,
292 1943 361 2002 ἑλοῦ.
386 1941 451 2002 Ἐπὶ
477 1944 530 2002 τών
556 1941 720 2025 αἱρουμένων
748 1946 800 2004 τῦν
855 1960 929 2019 rent,
944 1950 1159 2028 nunciisqnead
1170 1952 1320 2013 oraculum
1329 1955 1422 2016 missis
1434 1961 1621 2036 persuasisse,

30 2028 181 2112 κρειττόνων
196 2027 232 2089 ed
245 2027 326 2102 ἥττω.
341 2029 457 2109 Ἀθάμας
473 2033 503 2090 ἐκ
516 2029 637 2146 Νεφέλης
649 2031 693 2093 δύο
705 2035 800 2100 παῖδας
854 2048 887 2094 ιιι
906 2037 1007 2095 Phrixi
1025 2038 1116 2118 (quod
1131 2060 1237 2100 nomen
1252 2042 1385 2126 οφρύγειν
1401 2045 1460 2104 sive
1483 2048 1621 2108 torrendo

30 2116 102 2198 ἔσχεν
118 2117 227 2201 Φρύξον
246 2120 296 2178 καὶ
310 2117 423 2194 Ἕλλην.
440 2119 526 2202 'Apelt
544 2144 588 2181 ουν
611 2121 660 2193 τλν
677 2121 799 2206 Νεφέλην
855 2124 1016 2185 derivatum
1031 2127 1084 2208 est)
1099 2129 1326 2190 immolationem
1351 2149 1514 2212 poscerent.
1537 2141 1622 2196 Hune

31 2205 86 2265 θελν
98 2199 189 2284 ούσαν,
206 2212 292 2290 θνητῇ
306 2209 410 2287 γυναικί
423 2210 512 2289 ἐμίγη.
524 2209 741 2284 Ζηλοτυπήσασα
754 2203 799 2272 ούν
856 2212 1008 2274 abstulisse
1030 2217 1193 2296 Nephelam
1221 2232 1287 2279 ante
1307 2241 1387 2280 aram
1408 2235 1532 2283 stantem
1556 2246 1621 2285 cum

34 2297 165 2380 λΝεφέλη
190 2299 300 2372 ἀπέπτη
323 2300 358 2366 εἰς
379 2297 488 2381 ούρανδν
511 2300 556 2359 καλ
577 2298 625 2372 rhu
642 2305 688 2372 τοῦ
709 2299 801 2385 ἀνδρὸς
854 2323 973 2378 sorore,
1008 2306 1149 2385 arietique
1172 2309 1348 2388 imposuisse
1368 2321 1385 2370 ‘a
1407 2314 1553 2372 Mercurio
1568 2334 1620 2373 ac-

32 2383 117 2466 γώραν
133 2390 234 2469 αὐχμῷ
254 2386 371 2458 ἐκόλαζε.
394 2387 540 2470 Πέπομφεν
564 2379 607 2448 ούν
630 2388 741 2470 θεωρούς
764 2393 799 2458 εἷς
855 2405 949 2471 cepto.
962 2397 1064 2472 Neque
1076 2395 1125 2454 illa
1140 2417 1235 2474 neque
1251 2397 1391 2457 Athamas
1407 2400 1548 2460 ultionem
1562 2399 1621 2462 exi'·

33 2471 180 2536 Ἀπολλωνα
193 2477 312 2556 Ἀθάμας
325 2474 430 2558 ἐρέσθαι
442 2477 502 2561 περὶ
515 2483 560 2538 τοῦ
571 2479 684 2558 αὐχμοῦ.
703 2477 737 2541 Ἦ
754 2471 804 2539 σύν.
854 2484 904 2562 git.
919 2483 1065 2543 Zenohius
1085 2485 1145 2564 (IV,
1170 2487 1218 2565 38)
1238 2489 1339 2548 Inonis
1355 2489 1505 2550 adversam
1526 2491 1622 2551 fortu-

34 2565 118 2623 τούτου
130 2565 197 2642 γυνὴ
211 2564 325 2626 θέλουσα
334 2563 438 2648 Φρύξον
453 2565 498 2626 καλ
505 2561 609 2640 Ἕλλην
622 2566 798 2644 ἀπολωλέναι,
853 2583 918 2622 nam
931 2581 997 2622 cum
1008 2563 1115 2624 delicto
1125 2566 1277 2644 conjungit
1291 2588 1308 2626 a
1321 2567 1435 2647 diisque
1446 2569 1620 2630 submissum

32 2650 136 2713 πέπεικε
150 2654 194 2714 δεδι
210 2653 301 2733 δώρων
314 2651 374 2723 τούς
388 2653 499 2738 θεωροὺς
513 2658 595 2716 εἰπεῖν
608 2654 749 2734 Ἀθάμαντι
763 2661 799 2729 ώς
853 2652 990 2711 auxilium
1005 2667 1111 2711 narrat.
1124 2654 1383 2732 ApudPausaniam
1398 2659 1534 2736 luppiter
1543 2658 1620 2717 misit

33 2742 76 2799 οθκ
87 2740 116 2801 θιν
131 2743 221 2811 ἄλλως
238 2741 390 2804 παύσασθαι
406 2743 451 2805 τὸν
465 2744 568 2825 αύχμδν
580 2744 693 2826 ἔχρησεν
705 2750 723 2818 ἡ
736 2749 798 2807 llu-
852 2741 987 2814 arietem;
1011 2740 1087 2820 apud
1097 2742 1188 2800 schol.
1202 2744 1285 2803 Statii
1294 2744 1340 2804 vel
1352 2745 1502 2823 Mythogr.
1516 2751 1580 2805 Vat.
1593 2750 1618 2826 1,

34 2827 73 2886 θύα
89 2833 111 2888 ει
125 2830 163 2910 μὴ
175 2830 237 2901 τοῦς
251 2834 298 2904 τῆς
310 2831 432 2914 Νεφιλης
443 2831 542 2894 θύσειαν
557 2836 661 2902 παῖδας.
675 2832 799 2904 ’Ἀκούσας
853 2831 905 2905 ²33
919 2834 958 2902 Il,
979 2831 1046 2909 134,
1059 2835 1136 2889 Juno
1153 2832 1292 2891 Phrixum
1313 2832 1348 2892 ad
1365 2834 1462 2912 fugam
1475 2834 1618 2895 hortatur.

34 2905 73 2974 adv
86 2919 228 2999 θἈθσίμοις
238 2918 442 3000 μεταπέμπεται
453 2921 512 2990 τοὺς
524 2925 622 2993 παῖδας
632 2925 662 2983 ἐκ
671 2927 725 2984 τῶν
734 2949 798 2985 ποι·
891 2919 986 2978 Facile
1000 2931 1121 2999 apparel
1137 2921 1284 2998 quodnam
1306 2922 1453 3001 tragoedlae
1463 2943 1619 3002 argumen-

34 3007 124 3081 μνέων·
145 3001 182 3079 εἷς
201 3000 247 3069 alr
268 3009 341 3092 κριὸς
360 3009 511 3094 ἀνθρωπίνῃ
536 3011 701 3094 χρησάμενος
724 3019 797 3096 φωνῇ
852 3023 913 3068 tum
937 3009 1034 3067 fuerit.
1051 3009 1190 3068 Athamas
1210 3030 1311 3090 poenas
1329 3024 1373 3070 est
1387 3011 1521 3085 daturas,
1537 3013 1619 3092 quod

33 3095 98 3175 λέγει
111 3098 210 3182 Φρόξιρ
232 3097 277 3159 καλ
296 3095 386 3180 Ἕλλη
404 3097 437 3158 τό
453 3100 574 3184 περὶτῆς
593 3104 703 3184 σφαγῆς.
723 3104 798 3164 Φευ-
851 3098 972 3172 liberos,
987 3118 1061 3178 quos
1075 3098 1209 3158 occidere
1218 3121 1278 3160 non
1295 3101 1434 3180 potuerit,
1453 3101 1483 3160 in
1499 3103 1620 3162 exilium

33 3182 125 3262 γόντων
139 3179 183 3247 ούν
196 3187 298 3248 τούτων
312 3185 381 3267 μετὰ
400 3193 446 3248 τοῦ
467 3194 542 3271 κριοῦ
558 3192 575 3263 ἡ
594 3187 642 3268 μὲν
658 3189 748 3262 Ἕλλη
770 3191 797 3249 ἐν
851 3188 894 3246 ire
907 3187 1090 3267 compulerit.
1113 3187 1246 3249 Efficitur
1263 3188 1336 3248 illud
1362 3210 1415 3268 per
1441 3191 1618 3270 Nephelam,

32 3276 67 3352 τῷ
87 3281 259 3356 περαιοῦσθαι
285 3277 330 3336 τὸν
352 3279 379 3338 ἐν
402 3276 503 3360 Ἀύύδῳ
525 3276 643 3360 πορθμὸν
665 3278 796 3358 ἀπεπνίγη
851 3276 932 3354 cujus
954 3276 1081 3356 impulsu
1096 3278 1221 3356 populus
1235 3279 1326 3338 iratus
1344 3291 1387 3337 est
1401 3277 1565 3339 Athamanti
1579 3279 1618 3339 oh

33 3363 197 3425 ἀποπεσοῦσαι
223 3365 275 3425 ἀπὸ
296 3370 342 3424 τοῦ
362 3371 447 3448 κριοῦ.
467 3363 550 3427 Ὅθεν
565 3366 611 3426 καὶ
632 3366 679 3425 ἀπ’
698 3367 798 3442 ἐκείνης
850 3366 1027 3438 ariditatem,
1055 3386 1141 3443 quam
1163 3367 1240 3426 illius
1264 3368 1350 3446 culpa
1371 3367 1503 3425 effectam
1526 3380 1616 3446 putat.

33 3447 225 3525 Ἑλλήσποντος
239 3453 376 3526 κέκληται.
394 3452 497 3535 Φρύξος
518 3454 545 3513 δέ
565 3453 740 3536 ἐποχούμενος
759 3461 796 3538 τῷ
850 3453 944 3513 Facile
967 3454 1015 3512 hic
1053 3455 1204 3512 oraculum
1232 3455 1407 3514 intervenire
1430 3455 1538 3534 potuit.
1572 3457 1616 3514 Ad

33 3544 92 3622 κριῷ
103 3545 137 3609 εἰς
151 3542 200 3618 τὴν
215 3546 268 3602 τῶν
276 3540 391 3622 Κολχων
405 3545 455 3622 γῆν
472 3541 658 3623 περισώζεται,
675 3541 736 3603 ἔνθα
749 3546 796 3605 καί
850 3562 929 3600 aram
954 3541 1117 3618 adducitur,
1137 3556 1170 3601 ut
1182 3542 1348 3602 immoletur
1369 3563 1424 3622 pro
1439 3543 1545 3618 hostia,
1566 3544 1617 3603 sed

32 3627 72 3687 τὸν
84 3630 166 3712 κριόν,
178 3631 207 3701 θς
219 3629 270 3692 θπδ
283 3633 336 3690 τῶν
350 3632 415 3690 θεῶν
430 3628 617 3714 χρυσόμαλλος
627 3631 726 3710 γέγονε,
741 3631 796 3692 θύει
849 3630 981 3689 Herculis
1013 3630 1140 3689 adventu
1179 3643 1326 3706 servatur,
1354 3630 1476 3690 fortasse
1514 3630 1616 3691 eodem

33 3716 144 3799 ἰῷἈρει
155 3721 173 3795 ἢ
185 3724 225 3802 τῷ
239 3719 329 3802 Ἑρμῇ
343 3718 388 3779 καλ
401 3720 563 3792 κατοικήσας
581 3719 670 3780 αὐτόθι
681 3718 797 3800 τούνομα
851 3719 952 3795 πιούο,
972 3739 1031 3798 qno
1049 3719 1189 3779 Phrixum
1210 3739 1267 3798 ope
1290 3721 1428 3779 ltfcrcurii
1448 3739 1513 3778 cum
1533 3734 1616 3798 patre

33 3809 203 3869 καταλελοιπσ
215 3812 253 3890 τῷ
264 3808 348 3890 τόπῳ·
363 3810 393 3868 lx
403 3805 496 3868 τούτου
508 3809 558 3888 γδιρ
573 3813 590 3881 ἡ
606 3807 714 3888 Φρυγία
728 3807 796 3869 offro
849 3808 1065 3867 reconciliatum
1081 3808 1217 3868 vidimus,

34 3893 135 3971 ἐκλήθη.
149 3898 300 3976 Ἀθάμαντα
315 3895 342 3956 δὲ
360 3899 378 3968 ἡ
396 3896 502 3978 Νεφελη
522 3895 596 3970 δίκην
618 3898 685 3977 αὐτῇ
703 3894 795 3957 δώσειν
889 3903 929 3958 Ut
941 3896 977 3955 ad
991 3898 1232 3975 compositionem
1247 3897 1389 3976 tragoedia
1404 3899 1615 3976 perveniamus,

34 3979 140 4054 διλτοὺς
157 3987 253 4054 παῖδας
266 3983 404 4058 πεποίηκε.
421 3985 588 4068 Προσαχθελς
602 3977 646 4046 ούν
661 4009 794 4067 στεφανη-
848 4006 907 4045 non
941 3984 1134 4064 improbabile
1161 3986 1288 4064 putarim
1309 3986 1438 4062 ,initium
1473 3988 1616 4065 tragoediae

33 4075 112 4152 φορῶν
134 4076 160 4134 ἐν
182 4078 222 4156 τῷ
248 4077 331 4156 βωμῷ
348 4078 394 4134 τοῦ
415 4073 476 4141 Διός
497 4073 721 4156 σφαγιασάμενος,
744 4073 795 4135 aet
848 4095 864 4134 a
892 4074 1105 4154 preparatione
1133 4075 1266 4133 sacrificii
1304 4095 1366 4134 esse
1393 4087 1521 4155 captum.
1562 4079 1616 4137 Cui

33 4153 188 4239 Ἡρακλέους
210 4161 351 4224 σέσωσται.
366 4161 446 4223 Ούτω
460 4161 510 4243 γάρ
525 4163 664 4243 Σοφοκλῆς
683 4165 710 4222 ἐν
729 4164 794 4244 δρά-
847 4164 892 4222 rei
914 4162 1034 4222 fortasse
1046 4163 1177 4222 interfuit
1199 4161 1342 4241 Nephele,
1367 4176 1400 4222 ut
1425 4175 1454 4221 et
1472 4165 1615 4242 populum

34 4268 93 4320 ματι
103 4253 240 4326 πεποίηκε.
251 4259 325 4314 Rem
340 4251 377 4311 ab
388 4253 452 4312 aliis
467 4272 585 4330 quoque
601 4253 795 4333 scriptoribus
847 4253 981 4312 incitaret
1004 4265 1033 4310 et
1054 4251 1217 4310 Athamanti
1243 4249 1443 4327 crudelitatem
1461 4253 1489 4310 in
1507 4253 1615 4316 liberos

34 4335 128 4398 referri
142 4344 311 4402 Welclxerus
331 4340 429 4400 ducet.
442 4339 542 4400 Altera
557 4340 673 4419 conjux,
688 4342 793 4419 inquit,
848 4341 1048 4421 exprobraret.
1068 4340 1198 4420 Populus
1216 4353 1311 4399 antem
1331 4341 1361 4400 in
1376 4361 1440 4400 eum
1455 4339 1494 4399 ob
1509 4342 1614 4420 impie-

33 4424 206 4490 Athamantis
222 4430 276 4489 fuit
295 4433 349 4489 Ino
373 4429 475 4490 Cadmi
495 4429 568 4504 filia,
588 4449 674 4507 quarn
697 4431 793 4490 Philo·
849 4442 948 4504 tatem,
972 4451 1009 4490 ex
1032 4450 1089 4509 qna
1114 4431 1250 4490 sterilitas
1273 4450 1410 4507 agrorum
1434 4441 1532 4488 secuta
1557 4445 1613 4503 cst,

34 4518 192 4597 stephanus,
209 4521 378 4582 Callimachi
392 4519 528 4600 aequalis,
542 4521 620 4599 apud
643 4520 732 4579 schol.
756 4521 793 4580 ad
846 4522 935 4580 iratus
949 4520 1014 4580 fuit.
1025 4520 1169 4595 Quocirca
1179 4519 1300 4579 chorum
1312 4538 1348 4578 ex
1358 4516 1505 4578 Thebanis
1516 4519 1614 4578 credas

33 4602 110 4665 Iliad.
124 4609 172 4689 (Η,
190 4609 240 4691 86)
253 4611 492 4689 anteNephelam
514 4607 551 4667 ab
570 4609 744 4669 Athamante
762 4610 792 4669 in
847 4609 1040 4688 compositum
1065 4611 1153 4668 fuisse
1176 4609 1284 4667 circum
1302 4626 1381 4665 aram
1403 4605 1559 4679 stantibus,
1581 4621 1613 4667 ut

33 4697 240 4760 matrimonium
267 4700 381 4758 ductam
408 4696 538 4776 duosque
564 4697 672 4756 liberos
701 4704 792 4758 Lear·
846 4699 921 4758 sacri
934 4699 1059 4757 faciendi
1072 4696 1227 4777 participes
1240 4708 1343 4754 essent
1359 4693 1498 4755 Sacerdos
1510 4695 1612 4755 fucrit-

33 4777 114 4842 chnm
133 4800 161 4846 ct
180 4789 358 4871 Meticprtam
373 4784 532 4866 peperisse,
549 4800 650 4865 postea
667 4807 734 4847 vero
756 4809 793 4847 ex
846 4809 882 4846 ne
896 4787 1038 4847 admissus
1052 4807 1088 4845 an
1101 4788 1176 4845 inter
1189 4801 1326 4862 personas
1341 4794 1435 4842 mutas
1449 4782 1538 4842 fuerit
1553 4782 1611 4842 du·

34 4868 174 4933 uoluntate
197 4869 321 4936 Juntlhis
344 4875 528 4954 repudiatam
558 4895 620 4933 esse
648 4875 791 4953 perhibet.
846 4876 931 4936 hitari
943 4887 1049 4955 potest.
1069 4878 1103 4932 ln
1122 4873 1201 4932 exitu
1216 4871 1356 4932 Hercules
1369 4870 1543 4946 intervenit,
1559 4873 1611 4950 qui

34 4956 95 5027 Quo
106 4961 181 5023 facto
197 4963 359 5044 Nephelam
379 4964 480 5036 duxit,
499 4984 564 5042 (puae
580 4976 689 5035 tamen,
703 4985 791 5041 quarn
845 4965 1047 5025 Athamantem
1062 4960 1099 5019 ab
1113 4959 1232 5020 interitu
1246 4959 1380 5018 servavit.

34 5043 164 5111 Athamas
196 5054 336 5113 continuo
363 5074 421 5113 rem
456 5051 578 5112 haberet
602 5071 669 5110 cum
693 5054 792 5130 priore
885 5055 1056 5130 Fragmenta
1070 5047 1227 5127 perexigua
1248 5056 1430 5148 suntneque
1450 5045 1610 5126 quidquam

34 5147 131 5213 uxore,
146 5143 280 5202 maritum
302 5141 441 5201 deseruit.
461 5147 536 5202 Tum
550 5148 605 5201 lno
626 5141 657 5199 in
671 5141 791 5201 domum
845 5139 967 5201 subsidii
979 5138 1116 5213 afferunt,
1130 5155 1189 5214 quo
1203 5133 1340 5212 tragoedia
1352 5133 1485 5194 subalius
1497 5137 1609 5216 perspi·

35 5218 120 5282 rediit.
139 5228 329 5289 Memorabile
343 5239 386 5286 est
399 5227 529 5288 diversus
551 5229 703 5308 utriusque
726 5231 790 5290 exi·
845 5232 947 5290 cietur.
960 5225 1084 5305 Hesych.
1098 5247 1106 5284 ι
1118 5223 1202 5306 [θῚθ]
1211 5221 1379 5307 «Antipater
1392 5227 1406 5285 θ
1420 5217 1504 5303 ἐγγύς.
1517 5225 1608 5310 Σοφο-
