3650 5798
147 380 202 432 262

147 525 207 573 καις
223 533 257 578 ,ν
281 507 453 590 ἐνδροόμσνος
470 507 523 583 ήδη
547 516 609 576 παῖς
629 505 647 580 h
669 502 762 588 ἀνδρὸς
782 503 908 586 φρόνησιν

144 589 214 674 (ρων
229 602 299 663 παῖς.
315 597 346 657 Σ.
362 598 484 682 Τρωίλῳ.
497 599 622 658 Gravior
633 596 750 656 videtur
767 597 908 654 lamenta·

145 681 203 754 tio,
222 683 247 742 si
268 685 440 766 paedagogus
452 689 514 767 ipse
534 688 572 746 sit
592 684 737 756 δεσπότης,
754 683 805 764 qui
819 701 908 761 quum

146 789 248 850 cogere
262 793 383 852 puerum
399 788 428 835 et
442 777 570 856 potuerit
584 789 613 836 et
624 773 773 845 debuerit,
791 792 843 850 per
858 789 910 829 ne·

145 859 310 938 gligentiam
319 863 399 922 illurn
411 866 545 924 amiserit.
555 863 735 942 Deinde[86]
746 889 757 912 ι
769 857 886 929 ἄπιστος,
897 885 910 910 ¹

146 947 345 1030 ἀπαράπειστος,
361 951 480 1028 ἀπενθής,
498 953 623 1031 Hesych.
639 951 756 1011 Troilus
771 947 909 1025 intelligi-

146 1047 214 1110 tur,
229 1039 279 1117 qui
295 1039 543 1102 admonitionibus
559 1039 706 1121 paedagogi
718 1037 837 1096 audiens
851 1053 910 1093 uon

146 1123 252 1200 suerit,
263 1127 314 1186 sed
327 1128 434 1188 Achilli
453 1129 574 1190 irruenti
591 1127 699 1208 sagittis
713 1125 800 1184 nudis
809 1144 840 1184 se
856 1143 909 1182 ex-

147 1215 290 1289 posuerit.
314 1219 440 1296 Hesych.
460 1217 620 1293 εἈπίσκη·
637 1217 701 1296 [87]
719 1243 731 1268 σ
748 1213 820 1285 τοἚΟν
842 1212 910 1273 ἀπό·

148 1321 219 1373 σκη·
239 1330 253 1355 ι
275 1303 338 1364 ἔνιοι
357 1303 384 1365 δὲ
407 1305 495 1386 γυμνὰ
520 1305 612 1380 θήκαις
634 1305 705 1375 τόξα.
729 1308 762 1366 Σ.
786 1298 910 1384 Τρωΐλῳ.

147 1391 384 1453 RekleriAnecd.
393 1415 422 1474 p.
432 1405 499 1470 Aac,
511 1399 547 1456 33
559 1419 566 1456 ι
578 1393 821 1474 «Ἀκόσκηνγυμνῖι
832 1391 911 1465 Dixit<

147 1474 218 1544 τόξα.
230 1479 362 1540 Allertur
377 1503 483 1563 corpus
496 1497 667 1564 coopertum
682 1481 745 1563 [88]
758 1479 911 1561 νκαταρόό-

148 1566 215 1635 λοις,
225 1593 237 1618 ν
246 1569 368 1649 χλαίναις
378 1572 530 1655 ποδήρεσιν,
542 1571 666 1633 ὥστεκαὶ
680 1571 724 1632 ἐπὶ
738 1569 784 1640 τός
799 1568 913 1652 α’ρόόλας

147 1653 291 1730 χαλᾶσθαι.
308 1660 339 1718 Σ.
356 1663 418 1742 Τρ.,
432 1663 556 1740 Hesych.
570 1663 700 1722 Defletur
712 1681 729 1720 a
746 1660 848 1726 choro,
862 1658 913 1737 qui

148 1741 224 1802 illius
240 1744 388 1823 ingenium
410 1749 482 1810 dicit
493 1751 557 1832 [89]
571 1777 582 1803 σ
594 1748 750 1823 ἀσόλοικον,
764 1775 776 1802 ν
794 1744 913 1827 ἥμερον,

148 1833 290 1910 προσηνές,
310 1837 338 1896 οὐ
366 1836 505 1922 βόρόαρον.
532 1841 566 1900 Σ.
579 1841 646 1921 sip,
668 1837 807 1914 Hesyeh.;
828 1855 913 1914 quern

148 1917 344 1996 deploraverit
382 1928 533 2001 Achilles,
568 1946 742 2007 quamquam
775 1925 914 1982 occiderit

148 2006 211 2086 [90]
233 2011 361 2087 «dcam
378 2013 491 2096 βλάψας,
517 2013 644 2096 ἔόλαψας.
659 2020 792 2075 Fortasse
808 2013 913 2071 chorus

147 2096 288 2157 Achillem
311 2104 498 2181 compellavit
516 2105 672 2164 absentem.
692 2102 805 2162 Deinde
828 2103 914 2160 etiarn

149 2199 284 2261 parentes
304 2189 386 2248 illurn
404 2191 558 2270 deplorant
575 2212 759 2270 magnacum
776 2191 913 2269 indigna-

150 2273 229 2331 tione
241 2275 381 2339 adversus
392 2283 541 2341 Achillem.
552 2283 632 2346 Suid.
645 2302 672 2341 ν.
686 2281 893 2360 Ἐμασραλίσθη
907 2303 913 2338 ι

149 2361 196 2442 ἀφ’
214 2353 244 2422 οὗ
263 2363 356 2438 δήκαὶ
378 2371 593 2451 μασχαλόσματα
605 2370 821 2455 προσηγόρευσαν
837 2371 913 2430 αὐτά.

150 2449 217 2531 Σοφ.
239 2453 266 2512 ἓν
289 2455 403 2540 Τρωΐλῳ
427 2460 489 2540 [91]
511 2460 625 2544 «πλήρη
658 2459 915 2542 μασχαλισμότωνν

149 2537 237 2620 εἴρηκε
251 2541 295 2603 τὸν
309 2544 480 2626 φονεύσαντα.
494 2556 536 2610 lta
549 2553 718 2611 Brunclrius.
735 2549 792 2610 Sed
804 2550 833 2608 in
845 2562 915 2608 vett.

149 2628 326 2692 editionibus
342 2633 431 2717 εἴρηκε
445 2637 489 2698 τὸν
511 2639 710 2720 μασχαλισριόν.
727 2645 916 2700 Detestantur

152 2719 313 2800 Achillem,
338 2724 420 2803 cujus
441 2747 478 2787 ne
499 2741 579 2786 ortus
604 2729 720 2808 quidem
741 2727 797 2787 diis
817 2740 916 2807 gratus

149 2805 245 2868 luerit.
255 2809 352 2870 Schol.
365 2815 447 2874 Pind.
464 2821 546 2875 Nem.
559 2821 613 2890 111,
625 2818 663 2878 60
676 2840 683 2874 :
697 2815 858 2897 llepldlr'is
867 2839 915 2895 pe-

149 2896 346 3044 plppqpprhcemc
363 2907 410 2974 τῆς
426 2902 536 2972 Θέτιδος
556 2905 601 2964 καὶ
626 2907 764 2988 Σοφοκλῆς
778 2904 865 2988 ’φησὶν
888 2907 915 2964 ἐν

177 3006 224 3065 ΡΨι
242 3009 285 3068 ‘l'

36 3208 39 3214 ,
148 3130 212 3211 [92]
228 3109 351 3225 Epnpev
368 3139 408 3213 ὡς
420 3125 532 3230 Ιἔγημεν
550 3137 719 3233 ἀφθόγγονς
735 3137 863 3234 γάμους,

230 3256 269 3341 τῇ
284 3250 490 3344 παντομόρφῳ
503 3245 613 3322 Θέτιδι
626 3254 812 3347 superantia
826 3281 914 3325 ποτα.

144 3387 324 3464 *Interposita
348 3387 403 3446 suit
422 3389 550 3468 ploratui
570 3411 630 3449 vox
660 3390 709 3452 lul.
738 3395 862 3472 Hesych.
886 3417 915 3454 ν.

148 3467 314 3533 Ἴαννα....
343 3478 370 3535 ἐν
397 3476 424 3536 δὲ
449 3477 563 3560 Τρωΐλῳ
588 3477 721 3562 βόρόαρον
745 3483 867 3566 θρήνημα
888 3483 917 3544 τό

148 3558 211 3644 [98]
229 3589 241 3615 a
255 3563 326 3622 tal.»
347 3566 428 3626 Idem
441 3591 448 3624 τ
461 3568 525 3648 [94]
541 3567 641 3642 «Ἰήιος
651 3595 691 3629 ν...
705 3569 749 3630 καὶ
763 3575 854 3652 θρῆνον
865 3598 917 3648 οη-

148 3648 246 3727 μαίνσι,
259 3654 294 3722 ὡς
307 3654 374 3737 Σοφ.
387 3658 437 3736 Τρ.
450 3661 599 3718 Postremo
618 3672 650 3718 ut
664 3680 772 3740 corpus
792 3665 918 3742 sepelia-

150 3749 214 3814 tur,
231 3741 266 3800 ad
285 3742 378 3803 sontes
396 3744 503 3805 abeunt
523 3760 555 3806 ut
577 3749 707 3809 lavetur:
726 3755 820 3829 Etym.
836 3758 874 3812 lli.
888 3774 916 3833 p.

150 3825 217 3906 597,
234 3837 270 3898 ll,
287 3853 294 3888 ε
308 3830 397 3913 Ναρόν
412 3833 443 3892 τό
457 3835 588 3915 ὑγρόν...
609 3840 641 3899 Σ.
654 3833 788 3922 Τρωΐλῳ·

149 3965 212 4050 [95]
226 3967 307 4058 Πρὸς
323 3963 399 4062 ναρᾶ
416 3961 450 4037 di
466 3981 595 4063 ripatorio
609 3987 764 4071 χιοροῢμεν
782 3979 879 4047 notri.

150 4110 252 4190 (Conf-
271 4095 346 4171 Gud·
361 4133 389 4192 p.
414 4117 482 4195 627,
505 4122 651 4193 il,0rion
672 4144 700 4203 p.
723 4147 788 4203 110,
810 4129 858 4208 3.)
873 4136 917 4190 Ita

150 4199 289 4279 tragoedia
305 4201 411 4261 linitur.

482 4337 593 4355 -ι-ιι

413 4431 654 4497 PALAMEDES.

191 4559 351 4620 Palamedis
374 4579 421 4620 res
441 4573 528 4641 gestae
549 4565 663 4643 egregie
676 4579 752 4646 aptae
770 4569 836 4629 visae
851 4587 919 4634 sunt

149 4647 280 4726 Tragicis
291 4648 328 4708 ad
342 4647 450 4710 fabulas
462 4655 788 4735 componendas‚quum
805 4673 833 4719 et
847 4663 917 4722 sub-

150 4735 302 4796 limitatem
330 4757 480 4799 sensorum
507 4756 536 4801 et
557 4745 749 4824 cogitatorum
780 4749 918 4812 admitte·

149 4838 214 4882 rent
229 4826 304 4884 etad
316 4827 403 4886 vitam
416 4829 569 4889 humanam
581 4832 622 4892 ita
634 4835 813 4912 accederent,
827 4852 859 4897 ut
870 4840 918 4899 di-

696 369 908 438 sorfloctls
929 369 1181 434 FRAGMENTA.

963 501 1037 560 versi
1059 499 1210 560 hominum
1237 520 1334 560 mores
1360 503 1449 562 variis
1476 501 1572 562 modis
1594 502 1736 582 explicari

963 601 1090 668 possent.

1019 679 1214 758 Exposuimus
1255 692 1455 758 argrrmcntrun
1496 680 1527 740 in
1565 681 1739 759 fragmentis

963 768 1091 844 AEsrhyli
1110 788 1162 826 nec
1183 767 1340 846 quidquam
1360 782 1447 828 restat
1472 769 1551 847 quod
1568 769 1739 828 addendum

964 875 1025 914 esse
1036 856 1185 928 videatur,
1196 856 1250 914 nisi
1265 868 1296 914 ut
1311 857 1501 936 exquirantur
1521 857 1663 917 subtilius
1677 877 1740 935 quae

965 943 1023 1002 sint
1042 944 1180 1024 Sophocli
1207 943 1371 1004 tribuenda.
1394 946 1562 1023 Disputatio
1584 959 1631 1003 est
1654 946 1740 1022 louge

965 1030 1093 1090 omnium
1105 1031 1276 1090 difficillima
1293 1032 1323 1090 in
1337 1045 1396 1090 tam
1409 1034 1515 1112 exiguo
1533 1052 1664 1092 numero
1681 1031 1741 1090 lra-

965 1132 1146 1197 gmentorum
1159 1133 1296 1200 tantoque
1310 1134 1440 1180 veterum
1452 1124 1632 1204 scriptorum
1649 1124 1741 1180 silen-

967 1209 1018 1267 tio.
1038 1213 1113 1269 Sunt
1140 1222 1234 1268 tamen
1262 1229 1308 1268 res
1337 1208 1403 1268 duae
1429 1222 1531 1269 tenues
1558 1211 1686 1288 quidem
1712 1224 1741 1268 et

966 1298 1094 1371 incertae,
1112 1311 1142 1356 at
1161 1299 1239 1371 solae,
1259 1317 1330 1376 quas
1344 1297 1484 1377 sequaris,
1505 1301 1633 1379 primum
1648 1312 1684 1357 ut
1695 1300 1743 1356 vi-

967 1385 1085 1444 deamus
1099 1385 1169 1464 quid
1180 1386 1340 1464 antiquitus
1351 1387 1388 1446 sit
1402 1385 1439 1444 de
1453 1388 1606 1446 Palamede
1628 1407 1744 1446 memo

967 1475 1016 1533 riae
1031 1473 1189 1553 proditum,
1202 1487 1262 1532 tum
1272 1474 1343 1552 quid
1355 1475 1508 1554 Euripides
1519 1477 1682 1536 innovarit
1696 1481 1740 1534 Ac

967 1563 990 1621 si
1004 1561 1296 1641 Plaro(Rep.V11‚p.
1311 1562 1380 1636 522,
1391 1564 1427 1642 D)
1442 1563 1575 1622 derideat
1590 1563 1742 1633 fabulam,

966 1653 1048 1711 illum
1070 1652 1254 1730 potissimum
1272 1653 1441 1731 Euripidem
1460 1653 1622 1732 respexisse
1645 1655 1739 1732 conji-

967 1742 1035 1814 cias,
1046 1739 1128 1819 cujus
1140 1740 1280 1818 tragoedia
1296 1760 1332 1800 eo
1346 1754 1476 1820 tempore
1488 1754 1550 1802 erat
1560 1743 1743 1814 novissima,

968 1831 1093 1912 quique,
1108 1851 1197 1910 quum
1215 1831 1342 1910 antiquae
1358 1832 1463 1892 rabutae
1477 1853 1577 1912 graves
1592 1845 1694 1891 essent
1716 1847 1744 1891 et

968 1920 1117 1998 sublimes,
1124 1919 1254 1978 minutiis
1265 1921 1446 1999 exponendis
1454 1923 1541 1980 iuven
1546 1923 1644 2000 risque
1650 1925 1744 1980 omni-

968 2008 1022 2068 bus
1034 2008 1178 2068 Palamedi
1194 2007 1388 2068 attribuendis
1404 2011 1522 2069 modurn
1544 2011 1742 2070 modestiam·

969 2118 1026 2176 quo
1056 2117 1172 2157 omnem
1202 2097 1335 2156 excessit.
1363 2103 1437 2158 Sunt
1465 2099 1583 2177 quidem
1617 2099 1675 2176 qui
1706 2099 1743 2156 ad

969 2187 1131 2262 orationes,
1150 2206 1215 2264 quae
1233 2187 1349 2264 Gorgiae
1369 2199 1399 2244 et
1413 2187 1623 2246 Alcidamantis
1639 2188 1744 2246 nomi-

969 2275 1056 2334 nibus
1078 2275 1227 2347 seruntur,
1250 2288 1445 2355 provocantes
1472 2276 1561 2334 risum
1590 2277 1745 2346 PlatoniS,

969 2363 1107 2440 quoniam
1123 2361 1160 2420 ab
1183 2363 1229 2420 his
1250 2363 1417 2421 oratoribus
1431 2363 1532 2422 eadem
1545 2363 1606 2422 lere
1620 2364 1746 2422 tradan-

970 2463 1027 2522 tur,
1036 2450 1157 2510 relutari
1169 2462 1281 2528 putent.
1293 2457 1357 2525 Qua
1368 2451 1405 2510 de
1416 2471 1448 2510 re
1458 2471 1540 2510 secus
1544 2451 1747 2529 judicandum

970 2559 1082 2598 censeo.
1099 2540 1286 2599 Grammatici
1309 2539 1379 2617 quid
1400 2540 1497 2599 dicant
1511 2560 1571 2598 non
1587 2540 1667 2600 adeo
1689 2561 1748 2599 cu—

971 2640 1051 2699 rant,
1070 2641 1103 2686 ut
1125 2628 1227 2686 inllato
1250 2647 1301 2687 ure
1326 2627 1424 2687 dicant
1450 2647 1545 2706 neque
1571 2629 1749 2708 relinquant

971 2716 1130 2794 quidquam
1140 2715 1221 2793 quod
1235 2716 1293 2774 dici
1307 2718 1420 2794 possit,
1433 2716 1651 2795 quammaxime
1664 2716 1750 2774 labo·

971 2817 1053 2882 raut3
1078 2823 1172 2883 neque
1189 2803 1372 2864 auditoribus
1394 2804 1538 2876 scribunt,
1563 2805 1615 2863 sed
1636 2805 1750 2864 harum

971 2912 1067 2952 rerum
1088 2892 1313 2951 admiratoribus
1334 2894 1384 2971 qui
1404 2913 1437 2952 ea
1457 2894 1554 2971 legant
1574 2913 1676 2971 neque
1690 2894 1750 2972 ipsi

971 2980 1092 3039 multum
1105 2979 1142 3039 ab
1156 2980 1211 3038 illis
1223 2979 1368 3040 dillerant.
1378 2983 1505 3060 Antiqua
1524 2983 1668 3040 memoria
1688 2987 1750 3042 rs-

972 3069 1099 3128 lamedes
1111 3089 1211 3128 earum
1223 3089 1332 3145 rerum,
1348 3069 1455 3148 quihus
1469 3090 1536 3148 pax,
1552 3071 1614 3128 vita
1634 3083 1667 3128 et
1686 3091 1749 3149 pu-

971 3157 1045 3216 blica
1060 3170 1089 3217 et
1103 3157 1215 3235 privata
1229 3171 1349 3217 ornetur
1363 3173 1392 3218 et
1405 3171 1539 3238 regatur,
1552 3159 1648 3217 otium
1664 3161 1750 3218 exhi-

972 3249 1096 3322 laretur,
1123 3248 1210 3308 sames
1233 3262 1383 3322 arceatur,
1403 3249 1511 3328 inopiae
1533 3263 1748 3322 succurratur,

972 3337 1099 3396 remedia
1124 3337 1233 3397 morbis
1257 3352 1462 3416 procurentur,
1484 3339 1545 3396 dux
1573 3338 1670 3398 milite
1701 3341 1748 3397 hat

972 3427 1118 3506 superior,
1132 3426 1205 3485 ordo
1219 3427 1388 3486 instituatur
1399 3428 1628 3502 retineaturqna
1640 3427 1747 3486 ineen-

974 3528 1020 3573 tor
1039 3514 1175 3573 refertur.
1190 3515 1267 3573 Talis
1289 3515 1455 3574 Palamedes
1479 3514 1516 3573 ah
1530 3515 1676 3590 AEschylo
1693 3516 1746 3573 de-

972 3603 1121 3676 scribitur,
1131 3603 1201 3662 talia
1211 3603 1347 3662 videntur
1355 3605 1385 3662 in
1394 3603 1510 3682 Cypriis
1520 3605 1747 3681 esseexposita:

970 3693 1069 3769 itaque
1083 3691 1206 3750 rrraxime
1226 3704 1269 3750 est
1284 3691 1422 3764 credibile
1436 3693 1523 3750 etiarn
1541 3690 1610 3748 talia
1628 3705 1745 3749 narrata

972 3799 1033 3839 esse
1044 3799 1061 3838 a
1071 3780 1231 3859 Sophocle;
1241 3780 1409 3859 Euripidem
1419 3792 1514 3838 autern
1522 3779 1571 3837 illa
1580 3779 1745 3856 reliquisse,

972 3882 1005 3928 ut
1016 3888 1080 3946 quae
1094 3881 1155 3927 arte
1167 3889 1304 3947 superare
1316 3889 1375 3928 non
1388 3882 1500 3947 posset,
1520 3867 1744 3927 incredibilibus

972 3957 1142 4016 commentis
1156 3971 1316 4036 superaret.

1012 4048 1113 4123 Neque
1120 4065 1189 4104 vero
1200 4046 1300 4125 negari
1307 4057 1402 4124 potest
1410 4045 1499 4104 multa
1509 4045 1597 4102 luisse
1604 4045 1741 4122 Tragieo

972 4153 1037 4191 rum
1050 4134 1229 4212 communia,
1252 4135 1302 4212 qui
1323 4153 1471 4212 nunquam
1485 4132 1560 4192 adeo
1583 4132 1743 4192 dissolvere

973 4235 1134 4301 potuerunt
1156 4223 1311 4296 lahulam,
1338 4237 1370 4283 ut
1393 4223 1575 4301 antiquitatis
1603 4225 1742 4282 memoria

973 4331 1095 4391 prorsus
1129 4312 1375 4391 pessumdaretur.
1404 4313 1551 4386 Quocirca
1572 4330 1635 4368 uon
1654 4311 1741 4371 dubi·

973 4402 1092 4460 tandum
1107 4415 1151 4461 est
1168 4403 1239 4480 quin
1252 4403 1331 4462 utab
1344 4404 1484 4480 AEschylo
1499 4405 1538 4462 ita
1555 4423 1572 4461 a
1596 4403 1741 4481 Sophocle

972 4489 1137 4549 Palamedes
1149 4504 1216 4569 post
1229 4511 1329 4570 magna
1342 4493 1372 4550 in
1387 4499 1505 4550 Graecos
1526 4491 1632 4548 merita
1645 4491 1740 4550 intro-

973 4577 1077 4638 ductus
1095 4580 1132 4638 sit
1150 4579 1326 4658 proditionis
1347 4600 1422 4640 reus.
1442 4583 1577 4660 Magnam
1592 4578 1739 4656 jacturam

973 4666 1093 4726 lecimus
1107 4669 1136 4726 in
1146 4669 1311 4727 amittendis
1323 4669 1513 4741 orationibus,
1527 4665 1638 4746 quibus
1657 4671 1738 4728 Pala-

973 4752 1071 4812 medes
1083 4773 1113 4812 se
1127 4754 1298 4814 defenderit.
1311 4762 1443 4830 Quarum
1457 4757 1505 4816 illa
1517 4759 1596 4836 apud
1615 4753 1748 4835 AEschyq‘

970 4840 1744 4939 lumcerteluithominis,quihenellciorumconsrim'!

154 4951 1731 4989 *Μ

152 5102 371 5164 celebravimus
392 5037 703 5184 utcunqui2⁸cetebravit
725 5119 835 5191 nuptias
860 5118 918 5177 sine

726 5197 916 5270 [carminibus

972 5043 1138 5102 multiformi
1153 5061 1218 5102 cum
1231 5045 1347 5104 Thetide
1359 5047 1500 5120 quondam
1513 5047 1686 5105 concubans.

972 5202 1015 5261 Ad
1030 5202 1150 5276 liquidos
1161 5201 1281 5262 lentium
1296 5131 1404 5264 abilius
1416 5214 1538 5282 potatus.
