3680 5790
592 385 801 451 sepnoctts
822 380 1068 442 FRAGMENTA.

397 527 458 580 76⁷.

82 599 216 660 Stobaeus
229 603 291 671 CX,
314 605 347 666 ι4
360 620 367 655 ι

39 694 144 787 Ἐλπὶς
161 706 217 803 γὰρ
235 713 253 782 al
274 707 426 792 βόσκουσα
443 703 514 782 τοὺς
530 701 662 778 πολλοὺς
679 703 807 793 βροτῶν.

85 889 216 950 Stobaeus
230 892 349 965 CXVII,
363 896 377 956 4
391 909 397 943 :
411 819 474 870 768.

99 1003 167 1068 Οὐκ
183 1001 248 1066 ἔστι
264 1007 359 1092 γῆρας
383 1002 444 1062 τῶν
465 1003 583 1086 σοφῶν,
601 996 629 1058 ἐν
653 987 695 1069 οἷς
712 995 728 1056 d
744 997 811 1066 νοῦς

99 1114 163 1196 θείᾳ
179 1106 313 1191 ξύνεστιν
329 1111 428 1204 ἡμέρᾳ
441 1107 653 1200 τεθραμμένος.

100 1227 265 1322 Προμηθέα
282 1224 338 1322 γὰρ
356 1215 462 1317 κέρδος
479 1223 645 1315 ἀνθρώποις
663 1218 752 1313 μέγα.

87 1420 237 1479 Helladins
253 1339 499 1494 (ἱίιιεεῑοιιιίῆίί4
525 1411 661 1471 editionis
675 1405 814 1466 Meursii:

43 1510 116 1570 Ὅτι
130 1513 143 1568 ὁ
157 1507 246 1588 στίχος
262 1506 335 1566 θκαλ
349 1499 596 1585 παροιμιαζόμενος,

103 1607 222 1716 ὑρκους
239 1626 298 1718 ἐγὼ
314 1621 454 1715 γυναικὸς
472 1616 512 1696 εἰς
531 1608 612 1707 ὕδωρ
632 1610 763 1707 γράφω,

47 1740 105 1886 ἔρρε
123 1735 172 1884 galle
187 1732 358 1818 Σοφοκλέους,
372 1737 463 1792 τοῦτον
481 1728 509 1790 δὲ
521 1725 679 1810 παρῳδῆσας
695 1727 709 1784 θ
723 1723 818 1785 Φιλοι-

46 1854 61 1888 ν
90 1851 122 1900 Τις
149 1851 196 1909 Ῡην

105 1917 224 2029 ὅρκους
243 1925 277 1999 δὲ
295 1941 409 2025 μοιχῶν
429 1929 468 2008 εἰς
489 1929 600 2020 τέφραν
618 1927 677 2019 ἐγὼ
697 1920 817 2016 γράφω.

49 2047 88 2106 Oi
102 2043 131 2104 δὲ
148 2042 194 2110 τὰς
205 2043 328 2122 γυναῖκας
343 2037 506 2104 σκύπτοντές
518 2059 605 2117 φασιν,

134 2131 252 2237 ὁρκους
270 2147 329 2238 ἐγὼ
343 2141 482 2237 γυναικὸς
499 2138 538 2216 εἰς
555 2134 633 2204 σίνον
649 2134 766 2228 γράφιυ.

51 2251 100 2308 Sic
118 2247 250 2306 ultimum
264 2265 392 2316 versum,
408 2243 457 2320 qui
473 2237 622 2300 Xenarchi
641 2235 744 2306 comici
761 2245 821 2306 est,

52 2336 322 2396 recitatlithenaeus
333 2335 369 2405 X,
383 2351 413 2409 p.
428 2337 497 2402 441,
510 2333 543 2387 Ε.

409 2422 472 2472 770.

95 2507 250 2566 Athenaeus
262 2507 285 2570 1,
301 2523 329 2580 p.
343 2501 391 2572 33,
404 2503 443 2555 C:

110 2602 141 2682 ίλ
157 2621 282 2709 γλῶσσα
302 2613 452 2704 σιγήσασα
470 2605 523 2673 τὸν
546 2601 640 2670 πολὺν
657 2599 785 2692 χρόνον,

110 2741 177 2808 πῶς
192 2720 274 2802 δῆτα
294 2725 400 2798 τλῆσει
418 2724 532 2814 πρᾶγμ’
546 2710 710 2793 ἐπεξελθεῖν
728 2703 823 2795 πόδες

110 2843 130 2918 ῆ
148 2853 203 2920 τῆς
220 2841 354 2934 ἀνάγκης
372 2829 458 2904 οὐδέν
476 2828 730 2926 έμάριθέστερον,

115 2959 163 3048 ὑφ’
176 2955 210 3034 ἧς
228 2957 263 3023 τὸ
280 2952 405 3047 κρυφθὲν
425 2953 560 3042 ἐκφανεῖς
577 2943 756 3034 ἀνάκτορον.

100 3141 254 3203 Athenaeus
269 3143 308 3212 11,
323 3159 353 3218 p.
367 3057 472 3214 39ἶθ1ί
483 3131 546 3194 net
555 3133 602 3203 τῆς
615 3125 769 3198 ἀλλοιούσης
779 3122 827 3196 τὴν

58 3231 169 3312 γνώμην
188 3226 312 3308 καὶπρὸς
329 3221 466 3306 τὸψευδὲς
487 3217 633 3302 τρεπούσης
652 3213 789 3292 εὐθυμίας,
809 3212 827 3284 ἣ

59 3321 162 3402 γίνεται
176 3315 244 3378 κατὰ
258 3315 306 3386 τῆν
324 3313 461 3392 μέθην...
477 3309 614 3392 Σοφοκλῆς
629 3328 694 3387 φησι
713 3301 767 3360 «τὸ
781 3323 828 3378 με·

62 3409 133 3468 θύειν
147 3409 267 3484 πημονῆς
278 3403 401 3483 λυτήριον
411 3429 432 3459 ι.

104 3578 260 3638 Athenaeus
274 3576 334 3642 111,
351 3591 379 3649 p.
395 3491 511 3645 93⁷3),
527 3576 556 3622 et
569 3583 605 3621 ex
617 3581 652 3620 eo
664 3559 830 3620 Eustatlrins

63 3687 94 3746 p.
114 3672 205 3742 ι944,
220 3664 277 3719 26:
298 3659 352 3718 Kal
366 3656 502 3737 Σοφοκλῆς
518 3649 547 3711 δέ
566 3672 616 3708 που
633 3653 647 3708 d
661 3645 772 3719 ποιητὴς
787 3645 831 3703 τὸν

63 3753 170 3836 φύλακα
188 3748 287 3829 μοχλόν
300 3769 351 3805 που
365 3745 501 3821 ὠνόμασεν
514 3743 540 3800 έν
554 3735 672 3810 τούτοις,

66 3998 135 4068 Spes
145 4001 187 4051 est
198 4007 259 4064 quae
270 3990 415 4063 plerosque
423 3981 558 4119 ριθφηυλεε
572 3979 631 4036 alit.

68 4156 132 4211 Non
145 4149 251 4208 estulla
264 4154 390 4204 senectus
404 4143 570 4216 sapientum,
584 4135 727 4209 inquibus
741 4145 818 4187 mens

68 4233 161 4290 divina
172 4231 215 4288 die
226 4232 305 4302 pasta
315 4227 429 4283 relucet.

70 4312 219 4372 Prudentia
233 4309 306 4367 enim
321 4303 478 4363 bominibus
493 4314 623 4372 magnum
635 4297 746 4352 lucrum
759 4299 811 4349 est.

423 4387 486 4439 769.
763 4392 767 4400 ’

71 4469 270 4545 Jusjurandum
282 4466 469 4524 adulterorum
481 4459 509 4515 in
522 4457 612 4515 laviba
628 4453 758 4511 inscribo.
839 4471 867 4502 ⁶.

72 4635 97 4691 Ο
111 4632 277 4703 linguaque
290 4623 396 4681 tamdiu
409 4547 528 4686 ιίέιίὶθιὶ,

73 4706 214 4784 quomodo
228 4707 282 4762 tale
295 4703 403 4760 facinus
416 4699 490 4757 adire
501 4694 633 4753 audebis?

73 4794 155 4848 Certe
168 4787 331 4844 necessitate
344 4780 414 4838 nibil
427 4786 470 4837 est
482 4774 591 4851 gravius

74 4885 136 4944 quae
146 4876 174 4926 te
185 4873 325 4924 secretum
338 4862 421 4920 herile
433 4855 578 4918 estendere
591 4859 681 4926 coget.

432 4943 495 4994 771.

75 5029 148 5087 Vino
163 5026 271 5084 miseria
282 5021 366 5080 levari
381 5021 459 5078 solet.

431 5103 493 5155 772.
752 5082 840 5154 [lium.

76 5195 151 5248 Bene
166 5203 258 5263 spera3
274 5197 402 5256 magnum
418 5179 468 5238 tibi
483 5191 546 5233 suin
561 5171 642 5245 liujus
664 5173 752 5224 ructus
764 5163 839 5221 auxi·

1527 357 1528 360 '
1563 387 1619 440 aas

1385 519 1479 614 φύύου
1497 521 1622 613 μοχλός.

865 642 922 700 Κᾶν
936 639 1023 704 ἄλλοις
1037 633 1064 694 δὲ
1075 631 1122 706 rbi
1136 632 1250 714 ἄγκυραν
1265 634 1401 711 Σοφοκλῆς
1422 631 1517 711 ίσχάδα
1528 631 1624 702 κέκλη-

865 751 919 797 κεν,
933 723 975 784 διδι
987 724 1018 784 τθ
1034 721 1154 800 κατέχειν
1170 719 1218 792 τὴν
1231 724 1309 778 ναῦν·

944 843 1066 906 Ναῢται
1084 825 1113 900 δ’
1131 833 1320 926 ἐμηρύσαντο
1340 831 1407 909 νηὸς
1424 821 1550 922 ἰσχάδα.

907 1035 1061 1095 Athenaeus
1071 1037 1115 1105 X,
1130 1051 1161 1108 p.
1176 947 1310 1103 talitali:
1327 1025 1380 1086 Kal
1394 1026 1531 1106 Σοφοκλῆς
1548 1025 1573 1084 ἐν
1591 1023 1626 1056 *'

868 1125 999 1203 σατυρικῷ
1013 1143 1091 1202 φησιν
1104 1121 1139 1186 ὣς
1154 1117 1205 1198 ἀρα

1210 1225 1255 1293 Tb
1274 1222 1369 1290 πίνειν
1386 1224 1461 1315 πρὸς
1477 1195 1545 1308 βίαν

972 1341 1037 1410 ἴσον
1051 1341 1143 1407 κακὸν
1160 1342 1273 1430 πέφυκε
1290 1347 1335 1424 τῷ
1350 1327 1441 1424 διψῆν
1462 1335 1524 1424 βία.

1220 1451 1282 1500 774.

909 1540 1064 1598 Athenaeus
1079 1541 1125 1607 X,
1140 1557 1169 1614 p.
1187 1536 1261 1607 433,
1274 1539 1316 1592 E:
1337 1533 1377 1591 Τὸ
1397 1533 1470 1609 δῖψος
1488 1527 1539 1609 γὰρ
1553 1535 1634 1587 πᾶσιν

871 1627 979 1708 ἰσχυρὰν
995 1623 1133 1704 ἐπιθυμίαν
1146 1624 1251 1700 ἐμποιεῖ
1264 1625 1311 1693 τῆς
1322 1623 1444 1701 περιττῆς
1458 1614 1632 1680 ἀπολαύσεως.

872 1715 920 1777 Διὸ
935 1713 981 1773 καὶ
996 1713 1133 1794 Σοφοκλῆς
1145 1733 1219 1792 φησι,

898 1843 903 1854 ·
924 1819 1058 1912 Διψῶντι
1078 1818 1136 1914 γοίρ
1166 1845 1215 1887 τοι
1236 1815 1341 1885 πάντα
1362 1817 1537 1909 προσφέρων
1558 1809 1636 1904 σοφὰ

928 1944 982 2007 οὐκ
1001 1933 1036 2004 ἀν
1052 1937 1142 2004 πλέον
1162 1929 1300 2026 τέρψειας
1317 1929 1336 2006 ἢ
1352 1937 1429 1996 πιεῖν
1447 1919 1563 2005 διδούς.
1646 1909 1649 1916 ’

914 2127 1069 2187 Athenaeus
1083 2127 1137 2194 XI,
1151 2142 1180 2200 p.
1198 2047 1324 2193 78⁷ng:
1338 2115 1499 2197 Ἀρύύαλλος
1517 2156 1565 2176 ...
1592 2112 1640 2172 λί-

874 2239 950 2296 γσυοι
964 2213 992 2274 δέ
1007 2211 1051 2272 καὶ
1063 2208 1177 2292 πρόχουν
1191 2207 1307 2288 ἄρυστιν.
1322 2204 1475 2284 Σοφοκλῆς·

1009 2324 1121 2395 Κακῶς
1138 2318 1174 2384 σὺ
1191 2316 1265 2406 πρὸς
1281 2316 1354 2383 θεῶν
1372 2313 1536 2405 ὀλουμένη,

955 2439 973 2514 ἢ
990 2435 1044 2514 τὰς
1061 2433 1198 2526 ἀρύστεις
1216 2424 1269 2496 ὧδ’
1286 2431 1387 2522 έχουσ’
1409 2429 1580 2519 ἐκώμασας.

877 2550 1057 2626 Hesychius:
1073 2572 1086 2599 ι
1098 2542 1229 2624 ’λρύστεις
1240 2567 1263 2614 υ,
1277 2538 1323 2605 τὰς
1343 2535 1466 2596 ἀπνευστί
1483 2534 1579 2600 πόσεις.
1598 2531 1641 2591 Τθ

879 2639 906 2700 δέ
923 2637 991 2700 adad
1004 2636 1051 2696 καὶ
1064 2637 1211 2716 ἀρυστῆρες
1224 2629 1269 2691 καλ
1283 2627 1438 2710 ἀρυστίχους
1451 2625 1569 2684 ἕκοθιουν.

919 2814 1043 2894 Etymol.
1059 2816 1100 2870 M.
1112 2831 1141 2890 p.
1154 2809 1209 2866 601
1224 2731 1369 2864 ένίιθτσιιιιιι
1384 2805 1485 2867 Νεῖκος·
1499 2803 1517 2871 ἡ
1531 2800 1644 2880 φιλονει·

879 2907 942 2980 κία,
955 2899 1029 2984 παρδι
1041 2896 1072 2959 τθ
1090 2898 1156 2964 νέοις
1177 2893 1304 2955 ἐοικέναι·
1322 2898 1338 2964 ἡ
1358 2889 1408 2970 γὰρ
1426 2886 1568 2970 φιλονεικία
1592 2891 1644 2951 τοῖς

880 3002 980 3076 νεαροῖς
991 2988 1106 3072 ἃρμύζει.
1123 2985 1268 3067 Σοφοκλῆς·

1302 3066 1395 3174 Ῠύρις
1415 3069 1451 3144 δέ
1465 3102 1515 3145 τοι

935 3206 1087 3276 οὐπώποθ’
1105 3197 1181 3281 ῆύης
1198 3201 1238 3279 εἰς
1257 3199 1294 3266 τὸ
1315 3206 1432 3287 σῶφρον
1450 3193 1551 3276 ίκετο,

937 3325 1005 3391 ἀλλ’
1022 3325 1051 3388 ἐν
1069 3321 1147 3408 νέοιςΙ
1163 3315 1247 3382 ἀνθεῖ
1256 3339 1290 3381 τε
1308 3311 1359 3379 καὶ
1378 3306 1470 3401 φθίνει
1492 3306 1593 3372 πάλιν.

924 3510 1019 3571 Schol.
1034 3511 1120 3565 Hom.
1136 3505 1169 3562 Il.
1189 3425 1309 3570 tim}
1326 3517 1334 3556 ι
1349 3493 1511 3564 Ἔπίστατο,
1528 3484 1650 3560 ἠδύνατο.

887 3599 940 3661 Καὶ
956 3595 1108 3679 Σοφοκλῆς·

859 3907 860 3912 ’
887 3893 985 3947 Nautae
1000 3902 1063 3943 vero
1076 3881 1249 3941 sustulerunt
1261 3877 1341 3934 navis
1355 3887 1493 3930 ancoram.

1243 3971 1306 4020 773.

1331 4050 1428 4106 Bibere
1442 4045 1503 4115 cogi

889 4144 1000 4221 perinde
1017 4139 1120 4196 malum
1134 4143 1176 4193 eet
1188 4151 1219 4191 ae
1233 4133 1328 4205 siquis
1342 4129 1420 4186 sitire
1431 4131 1554 4196 cogatur.

1240 4228 1302 4279 774.

891 4321 999 4382 sitienti
1008 4319 1081 4376 enim
1096 4315 1118 4372 sl
1131 4329 1241 4371 onmem
1257 4309 1357 4367 alleras
1369 4303 1549 4378 sapientiam,

891 4420 948 4462 non
962 4399 1048 4472 magis
1061 4412 1123 4454 eum
1138 4394 1268 4458 delectos,
1283 4403 1364 4461 quarn
1377 4386 1504 4456 sinotum
1518 4374 1635 4432 dederis.

1245 4485 1260 4534 7
1265 4483 1308 4532 75.

962 4575 1034 4634 blale
1043 4582 1074 4630 tu
1087 4587 1136 4644 per
1149 4567 1216 4624 deos
1230 4564 1375 4628 moritura,

892 4673 954 4732 quat
967 4670 1053 4729 quum
1067 4651 1166 4708 babeas
1180 4651 1296 4701 crateres
1312 4641 1351 4695 ita
1364 4633 1509 4692 comissata
1521 4644 1560 4686 es.

1240 4735 1302 4785 776.
1317 4801 1447 4878 Superbia
1456 4795 1578 4871 prolecto

894 4917 1035 4976 nunquam
1048 4899 1081 4956 ad
1093 4895 1182 4953 aetatis
1193 4888 1378 4963 frugalitatem
1391 4878 1526 4956 pervenit;

895 4985 943 5043 sed
955 4978 1100 5040 efflorescit
1115 4975 1144 5030 in
1158 4965 1381 5028 adolescentibus
1395 4967 1423 5017 et
1435 4961 1534 5016 iterum
1547 4949 1646 5010 oceidit

1264 5061 1308 5111 77.

896 5159 1044 5225 Nunquam
1052 5161 1101 5204 vos
1112 5064 1342 5216 comprebgndere
1351 5145 1472 5206 possum.
