3680 5790
632 447 842 513 soeuoctts
853 445 1115 511 FRAGMENTA.

74 586 156 646 clam
169 581 289 643 abducit
299 580 450 652 Medeam,
464 599 529 660 quae
542 594 626 642 antea
637 581 796 662 Absyrtum
807 582 855 642 iu-

76 677 210 743 ter-fecit,
233 686 268 733 ut
291 684 373 752 pater
397 671 478 730 luctu
501 672 687 747 retineretur,
708 693 745 732 ne
767 671 855 732 lilium

79 777 317 844 persequeretur.
340 760 514 834 Colchides,
536 763 647 822 ancillae
668 761 797 836 Medeae,
824 761 854 820 iu

78 857 177 914 choro
199 855 328 914 fuerunt.
596 909 599 915 .

121 948 297 1022 Fragmenta
310 940 347 999 ad
361 959 405 1014 ea,
418 960 483 1018 quae
495 941 616 1020 exposui
631 941 713 1002 facile
727 940 856 1000 ordinari

79 1044 217 1110 possunt.
228 1036 326 1106 Quum
340 1043 426 1110 poeta
435 1029 540 1108 procul
549 1029 641 1088 dubio
649 1029 791 1104 Medeam,
803 1050 856 1088 an-

79 1135 203 1199 tequam
221 1125 355 1180 Iasonem
370 1119 554 1193 conveniret,
567 1118 761 1179 introduxerit
773 1139 855 1177 amo-

80 1231 115 1270 re
129 1210 305 1270 stimulatam
318 1221 349 1266 et
364 1228 396 1267 se
412 1206 629 1280 defendentem,
646 1207 704 1268 huc
719 1209 857 1283 referam,

82 1299 165 1378 quod
177 1312 221 1358 est
232 1297 311 1378 apud
323 1297 495 1357 Athenaeum
505 1301 578 1356 XIII
594 1317 625 1375 p.¹
633 1298 701 1371 6οα,
714 1301 737 1357 Ε
749 1317 756 1355 ι
773 1298 859 1376 Σοφο·

80 1391 150 1460 αλῆς
162 1389 189 1448 έν
212 1385 327 1468 Κολχίσι
338 1384 399 1468 περὶ
415 1384 587 1463 Γανυμήδους
602 1383 663 1445 τινὰ
674 1385 753 1465 λόγον
764 1384 856 1445 ποιοί-

80 1499 185 1556 μενος,

137 1589 223 1672 [408]
240 1591 358 1681 Μηροῑς
375 1583 508 1654 ὑπαίθων
522 1587 579 1662 τῆν
596 1584 664 1666 Διθς
682 1577 857 1681 τυραννίδα.

83 1710 212 1767 Versum
227 1705 336 1767 Medeae
348 1706 404 1785 ipsi
425 1727 485 1765 non
501 1706 644 1779 tribuam,
667 1706 736 1786 quia
755 1707 860 1766 verisi-

84 1798 160 1856 mile
172 1809 227 1870 est,
242 1814 347 1855 nomen
359 1794 421 1873 ejus
435 1795 472 1854 ab
479 1795 619 1856 Athenaeo
630 1796 747 1855 allatum
762 1795 859 1856 luisse.

83 1885 221 1945 Medeam
232 1884 308 1943 euim
317 1902 416 1942 amore
427 1885 598 1962 exagitatam
608 1885 723 1963 aliquis,
739 1885 860 1944 sortasse

83 1976 207 2048 nutrix,
221 1974 304 2033 Iovis
318 1972 472 2052 exemplo,
492 1972 542 2052 qui
557 1972 734 2050 Ganymedis
745 1971 861 2032 deside-

84 2067 134 2125 rio
156 2064 288 2124 resistere
319 2082 377 2121 non
399 2063 548 2140 potuerit,
570 2062 717 2122 consolari
739 2060 860 2120 videtur.

84 2152 219 2212 Chorum
229 2150 484 2232 appellansMedea
494 2151 720 2210 sortasseamore
728 2151 860 2229 abrepta,

85 2243 111 2302 si
130 2242 191 2301 huc
206 2243 354 2322 pertinent
366 2261 469 2300 versus
481 2239 560 2320 apud
581 2239 731 2302 Stobaeum
749 2245 861 2315 LXIII,

86 2333 115 2404 6,
136 2332 201 2390 ait:

86 2463 174 2548 [409]
188 2436 378 2546 1λπαῖθες,ῆ
393 2483 442 2527 τοι
453 2459 571 2551 Κύπρις
584 2461 616 2524 ob
627 2457 744 2551 Κύπρις
758 2458 861 2550 μόνον,

187 2575 253 2642 ἀλλ’
270 2575 337 2641 ι’στὶ
352 2578 474 2642 πολλῶν
492 2572 652 2666 ὀνομάτων
666 2575 833 2665 ἐπώνυμος.

186 2671 281 2757 liores
299 2689 352 2781 μὲν
368 2676 467 2780 λίθος,
484 2691 550 2756 ἔστι
564 2679 593 2754 θ’
606 2682 733 2779 ἄφθιτος
750 2686 814 2774 βία,

188 2805 268 2873 ἔστιν
286 2795 320 2872 dl
335 2807 434 2873 λθσσα
449 2802 570 2898 μαινὰς,
584 2805 648 2872 ἔστι
666 2795 694 2870 θ’
709 2805 808 2898 ίμερος

189 2918 334 3014 αἷκρατος,
344 2919 409 2986 ἔστ’
422 2917 589 3012 οἰμωγμός.
598 2906 640 2986 Es
653 2916 732 3012 κείνη
746 2918 783 2986 τὸ
790 2923 862 3006 πᾶν,

189 3026 369 3120 οποοθαῒον,
381 3039 540 3127 ἡσυχαῖον,
558 3035 588 3112 ές
602 3033 671 3117 βίαν
684 3027 771 3128 1οίγον·

188 3153 349 3226 ἐντήκεται
360 3146 418 3243 γὰρ
431 3147 605 3234 πνευμόνων
618 3150 699 3226 ὅσοις
716 3149 757 3214 ένι

184 3261 279 3357 ψυχαί.
298 3262 353 3343 Τίς
368 3265 437 3357 οὐχὶ
454 3254 551 3340 τῆσθε
564 3273 620 3343 τῆς
633 3263 700 3331 θεοῦ
717 3264 811 3358 βοροίς

188 3379 356 3474 εἰσέρχεται
368 3379 423 3471 μέν
440 3378 549 3472 ἰχθύων
564 3383 680 3466 πλωτῷ
696 3383 785 3474 γένει,

185 3487 282 3554 ἔνεστι
297 3477 325 3554 θ’
343 3489 373 3554 έν
388 3486 497 3579 χέρσου
514 3490 714 3579 πετρασκελεῖ
725 3493 809 3580 γονῇ·

186 3605 274 3694 νωμᾷ
288 3593 317 3668 θ’
332 3604 361 3668 ἐν
378 3599 508 3668 οἰωνοῖσι
526 3601 679 3680 τούκείνης
693 3600 816 3693 πτερὸν,

185 3721 215 3785 ἐν
232 3717 347 3811 θηρσὶν,
365 3717 394 3783 έν
409 3718 575 3810 βροτοῖσιν,
590 3717 620 3784 ἐν
636 3716 712 3796 θεοῖς
729 3713 802 3785 οἷνω.
833 3755 835 3760 -

188 3831 252 3900 Τίν’
268 3835 302 3899 οθ
319 3832 481 3901 παλαίονσ’
499 3836 528 3911 ἐς
545 3830 610 3924 τρὶς
623 3826 764 3900 ἐκβάλλει
776 3831 863 3919 θεῶν,

187 3947 214 4016 εί
226 3974 278 4041 μοι
294 3948 388 4041 θέμις,
404 3948 488 4040 θέμις
502 3937 537 4014 dl
551 3946 670 4023 τάληθῆ
683 3949 797 4041 λέγειν,

189 4066 260 4143 Διὸς
274 4069 414 4158 τυραννεῖ
427 4063 615 4154 πνευμόνων·
631 4059 700 4130 ἄνευ
719 4053 817 4156 θορθς,

444 4250 507 4300 407.

1619 449 1678 504 828

1004 589 1073 660 ιῖνεο
1091 583 1216 686 σιθιίροο
1230 591 1332 662 πάντα
1346 620 1398 663 τοι
1415 593 1619 685 συντέμνιται

1005 710 1122 802 Κύπρις
1137 706 1178 775 τὰ
1189 709 1306 784 θνητῶν
1318 709 1370 778 καὶ
1384 709 1456 777 θεῶν
1471 707 1678 799 βουλεύματα.

910 865 1026 945 (Versus
1046 873 1099 936 1-4
1115 867 1256 946 usquead
1284 863 1378 946 μαινίς
1405 866 1491 926 allert
1509 865 1682 925 Plutarchus

910 960 983 1014 Mor.
1000 975 1029 1033 p.
1045 954 1113 1029 757,
1126 963 1161 1028 Α,
1176 976 1212 1015 ex
1228 976 1288 1034 quo
1302 976 1329 1015 ν.
1345 975 1362 1013 α
1381 968 1511 1015 correcta
1524 953 1681 1015 estStobaei

910 1043 1052 1122 scriptura
1066 1043 1173 1103 πάντων
1186 1063 1240 1122 pro
1252 1043 1378 1126 πολλῶν.)
1389 1049 1492 1105 Postea
1502 1043 1681 1121 colloquium

911 1132 1072 1191 insecutum
1096 1144 1141 1190 est
1160 1152 1225 1190 eum
1248 1136 1371 1208 Iasone,
1387 1133 1439 1211 qui
1453 1132 1490 1191 ad
1508 1152 1570 1192 earn
1586 1133 1682 1210 primo

911 1221 1048 1297 accessit,
1064 1233 1097 1279 ut
1111 1221 1252 1280 auxilium
1267 1222 1445 1300 imploraret.
1472 1227 1536 1282 Huc
1556 1222 1684 1300 pertinet

912 1329 1010 1369 versus
1030 1308 1109 1389 apud
1123 1307 1205 1371 Stob.
1222 1314 1329 1386 XXII,
1351 1312 1408 1369 23:

912 1477 995 1558 [410]
1007 1474 1113 1542 Καλὸν
1121 1480 1237 1567 φρονεῖν
1251 1473 1305 1542 τὸν
1316 1471 1425 1547 θνητὸν
1438 1471 1607 1567 ἀνθρώποις
1619 1467 1681 1541 ἴσα.

913 1639 1024 1699 Medeae
1040 1639 1213 1700 vindicarim
1235 1658 1300 1719 quae
1316 1639 1432 1715 ¹Iasonis
1452 1641 1602 1720 inceptum
1626 1638 1684 1696 im-

913 1727 1031 1807 probet.
1054 1729 1203 1789 Auxilium
1223 1742 1318 1788 tamen
1334 1729 1507 1808 pollicetur,
1529 1730 1552 1787 si
1567 1727 1686 1806 jureju-

914 1815 1005 1875 rando
1022 1817 1175 1895 promittat
1189 1838 1254 1897 quae
1265 1817 1330 1896 ipsa
1342 1818 1381 1876 sit
1400 1832 1536 1897 rogatura
1549 1837 1580 1876 se
1594 1816 1686 1874 sactu-

914 1925 988 1964 rum.
1004 1906 1094 1964 Bell.
1109 1905 1219 1967 Anecd.
1233 1926 1262 1985 p.
1288 1914 1357 1977 Iol,
1378 1927 1413 1982 ¹9
1431 1919 1460 1965 et
1479 1905 1561 1967 Suid.
1577 1902 1686 1964 ι’λνθυ·

913 1995 1064 2075 πουργῆσαι
1077 1991 1168 2075 χοίριν,
1183 1991 1214 2052 eb
1225 1993 1429 2054 ἀνταποδοῦναι.
1447 1995 1515 2076 Σοφ.
1530 1989 1692 2086 Κολχίσινγ

915 2159 998 2244 [414]
1018 2136 1122 2254 pp),
1140 2159 1275 2252 θπομνθς
1292 2157 1537 2256 ἀνθοπουργῆσαι
1554 2158 1660 2254 χὸρινς
1750 2173 1755 2186 ’

917 2305 970 2365 Cui
985 2325 1074 2383 quum
1093 2305 1257 2378 annuisset,
1271 2305 1406 2366 cautione
1426 2308 1467 2366 ait
1482 2327 1557 2386 opus
1576 2325 1686 2367 essene

917 2393 1088 2472 poenitentia
1111 2405 1213 2473 postea
1233 2395 1412 2473 insequatur.
1428 2399 1492 2456 Huc
1512 2392 1688 2458 'relerendus

917 2495 960 2542 est
975 2483 1056 2542 locus
1067 2481 1147 2561 apud
1162 2482 1346 2541 scholiastam
1361 2483 1445 2543 Pind.
1467 2486 1551 2562 Pytb.
1567 2487 1613 2561 V,
1627 2487 1687 2563 35,

917 2575 968 2651 qui
983 2573 1023 2632 ita
1046 2571 1186 2652 legendus
1205 2584 1249 2630 est
1262 2594 1270 2630 :
1282 2571 1365 2650 [m]
1380 2571 1435 2632 Kal
1454 2574 1594 2654 Σοφοκλῆς
1615 2573 1642 2634 tt
1660 2576 1687 2634 ἐν

916 2668 955 2745 τῷ
967 2667 1106 2748 Προμηθεῖ
1116 2667 1163 2723 τοῦ
1176 2662 1340 2746 Προμηθέως
1354 2663 1435 2724 θέλων
1449 2664 1536 2742 λέγειν
1557 2669 1604 2738 τῆς
1624 2689 1688 2749 φρο-

917 2753 1017 2826 νῆσεως
1023 2751 1231 2833 ἀντέχεσθαικαθ
1239 2751 1277 2831 μι]
1283 2755 1332 2826 τῆς
1337 2753 1529 2834 Μεταμελείας.
1540 2745 1686 2816 Feruntur

918 2841 983 2916 illa,
996 2841 1103 2921 quibus
1116 2841 1212 2900 salvus
1228 2842 1286 2901 liat.
1300 2841 1451 2917 Athenll,
1465 2864 1493 2922 p.
1510 2865 1556 2918 70,
1571 2835 1616 2904 d:
1632 2848 1686 2907 Κι-

917 2929 1000 3012 νοίρα·
1012 2928 1110 3002 ταύτην
1124 2930 1262 3012 Σοφοκλῆς
1271 2931 1298 2989 έν
1310 2929 1425 3012 Κολχίσι
1435 2928 1517 3011 [413]
1528 2959 1540 2986 ιι
1551 2933 1687 3015 κυνάραν»

918 3020 1063 3100 ratleici,
1078 3019 1207 3079 Eustath.
1222 3040 1253 3098 p.
1274 3021 1365 3094 1822,
1384 3041 1429 3092 ¹7·
1450 3013 1550 3093 Quum
1570 3020 1689 3084 abiisset

919 3115 1023 3183 Iason,
1044 3129 1105 3169 nou
1124 3109 1163 3168 ita
1178 3109 1270 3169 multo
1284 3122 1353 3188 post
1366 3109 1488 3169 nuncius
1511 3109 1612 3184 adest,
1636 3112 1686 3190 qui

919 3198 1070 3276 quaefacta
1082 3197 1158 3271 siut,
1170 3197 1293 3278 exponit
1307 3200 1416 3268 AEetae,
1431 3198 1482 3276 qui
1498 3197 1688 3258 mirabundus

919 3287 1042 3366 quaerit,
1063 3286 1213 3365 quomodo
1226 3286 1334 3346 sactum
1347 3286 1384 3345 sit
1409 3299 1441 3345 ut
1456 3287 1542 3346 lason
1561 3305 1620 3344 non
1636 3287 1685 3346 in-

921 3374 1140 3436 terieritschol.
1156 3376 1250 3454 Apoll.
1264 3375 1358 3435 Rbod.
1372 3378 1424 3446 111,
1440 3377 1511 3449 1371
1526 3374 1683 3456 εΣοφοκλῆς

919 3467 946 3524 έν
963 3464 1077 3544 Κολχίσι
1090 3464 1222 3536 πεποίηκε
1235 3467 1282 3524 τοῦ
1295 3462 1408 3542 ἀγγέλου
1422 3461 1468 3523 τὸν
1482 3462 1585 3537 Αἰήτην
1607 3461 1689 3523 medd-

920 3563 999 3632 μινόν
1014 3550 1075 3636 παρ]
1090 3555 1143 3611 τῶν
1155 3551 1353 3634 προειρημένων
1365 3550 1464 3619 οὕτως·

920 3716 1003 3798 [414]
1029 3707 1122 3783 Αἰητ.
1145 3685 1177 3774 ll
1197 3708 1333 3792 βλαστὸς
1356 3709 1412 3774 οθκ
1434 3700 1581 3773 ἔβλαστεν
1607 3708 1689 3776 otm-

1337 3824 1341 3832 '
1547 3805 1687 3916 [χῶριοςς

919 3933 1001 4038 Ᾰγγ.
1025 3939 1089 4007 Καὶ
1105 3937 1203 4034 κοίρτα
1219 3929 1323 4032 φρίξας
1343 3937 1460 4027 εθλόφῳ
1475 3939 1662 4030 σφηκώματι

1021 4054 1231 4151 χαλκηλάτοις
1247 4057 1367 4122 ὅπλοισι
1385 4053 1501 4146 μητρὸς
1523 4045 1622 4132 ἐξέθο.

1420 4187 1689 4205 ..ψ

915 4242 987 4298 inter
999 4238 1148 4305 animatia,
1163 4236 1308 4304 homines,
1323 4233 1390 4292 deos
1403 4235 1433 4291 in
1447 4234 1513 4291 alto.

204 4330 316 4393 Femore
328 4331 427 4390 ardens
438 4333 515 4390 Iovis
528 4331 683 4406 imperium.
888 4307 902 4422 Ι
918 4323 1007 4414 Quem
1019 4316 1135 4376 deorum
1147 4316 1256 4374 luctans
1267 4330 1325 4372 non
1339 4329 1453 4389 prorsus
1467 4313 1585 4371 evertit?

90 4520 116 4575 0
131 4514 248 4589 puellm,
260 4515 355 4569 Venus
366 4509 466 4570 saltem
478 4527 535 4568 nou
546 4513 641 4568 Venus
655 4509 746 4569 solum
759 4518 811 4580 est,
852 4502 856 4511 '

91 4595 142 4654 sed
152 4593 304 4652 multorum
315 4592 461 4650 nominum
473 4592 528 4647 rim
537 4589 721 4664 amplectitur.

43 4725 45 4730 .
96 4675 227 4734 Esteuim
238 4675 307 4742 DIs,
320 4680 363 4730 est
374 4674 414 4730 ris
424 4674 597 4746 insuperata,

95 4766 138 4814 est
149 4756 227 4815 furor
240 4752 370 4822 rabidus,
383 4760 426 4810 est
438 4751 605 4810 desiderium

94 4837 247 4910 invictum,
262 4843 305 4893 est
317 4835 420 4892 luctus.
434 4837 466 4890 In
478 4833 527 4890 iila
538 4846 622 4891 omne
635 4830 719 4888 situm
734 4837 792 4901 est,

94 4919 232 4988 studium,
243 4916 445 4992 tranquillitas,
460 4924 488 4974 et
501 4913 576 4989 quod
586 4911 623 4972 ad
634 4912 690 4970 vim
703 4910 799 4981 ducit3

92 5001 219 5058 insinuat
229 4999 303 5057 enim
313 5014 343 5056 sc
355 4997 384 5054 in
394 5004 503 5071 pectora
515 4997 545 5052 in
555 4993 765 5069 quibuscunque
777 4991 849 5049 inest

94 5081 215 5138 artimus.
232 5080 301 5154 Quis
311 5078 384 5136 enim
394 5078 464 5135 tanti
476 5075 600 5134 numinis
610 5072 704 5148 preda
715 5087 772 5129 non
783 5075 846 5129 est?

92 5169 212 5235 occupat
221 5161 338 5235 piscium
352 5165 450 5215 natam
461 5171 563 5231 genus,

94 5242 167 5299 inest
177 5259 206 5299 ru
220 5239 395 5315 quadrupede
408 5246 489 5296 terre
503 5235 646 5312 progenie;

94 5321 184 5396 quatit
196 5321 268 5380 inter
282 5319 362 5378 alites
375 5319 448 5376 alam
461 5333 560 5386 suam,

890 4430 895 4486 γ
918 4417 941 4458 sr
956 4399 1024 4456 mihi
1036 4399 1077 4456 fas
1087 4407 1147 4470 est,
1160 4396 1204 4454 las
1216 4403 1259 4455 est
1269 4403 1362 4453 autem
1374 4411 1436 4452 reru
1446 4392 1546 4463 dicere,

916 4481 992 4540 Jovis
1008 4481 1113 4554 pectori
1123 4479 1254 4551 imperat3
1268 4476 1328 4533 sine
1342 4474 1437 4539 basta.
1472 4545 1474 4548 ι

918 4562 978 4619 sine
990 4560 1062 4618 ferro
1075 4552 1170 4619 omnia
1182 4554 1306 4631 percellit

919 4643 1014 4700 Venus
1029 4638 1186 4698 mortalium
1200 4643 1229 4692 et
1244 4630 1440 4690 immortalium
1456 4629 1580 4687 consilia.

1272 4711 1335 4761 410.

919 4781 1037 4840 Mortale
1048 4795 1131 4855 supra
1144 4791 1238 4851 sapere
1253 4774 1291 4832 nil
1304 4772 1446 4830 bominem
1460 4771 1550 4830 decet.
1589 4775 1673 4834 HGn.

1270 4851 1333 4902 411.

918 4926 964 4982 An
977 4922 1113 4998 profiteris
1126 4928 1154 4978 te
1167 4923 1327 4978 cumuuum
1340 4921 1374 4972 ut
1383 4913 1484 4989 gratias
1497 4913 1566 4971 mibi
1577 4930 1689 4990 quoque

1271 5009 1440 5126 palpamurus
1453 4994 1511 5052 sis?

919 5147 1006 5204 AEur.
1012 5145 1056 5201 An
1064 5109 1142 5215 seges
1149 5139 1337 5220 uouprorcnit
1342 5137 1481 5196 terrestris
1492 5138 1675 5212 (Spermrum)

918 5229 1018 5284 Nosc-
1031 5225 1068 5279 Et
1081 5237 1148 5279 sene
1159 5219 1275 5280 horrens
1288 5217 1405 5279 cristam
1417 5217 1501 5292 galeis

1045 5302 1127 5361 erneis
1141 5302 1251 5361 arruise
1262 5308 1349 5360 matre
1361 5297 1500 5375 provenit.
