3650 5806
345 879 350 886 “
423 799 1130 1086 rubuario(

124 1817 302 1889 Firminus
323 1814 454 1904 Didot,
479 1816 533 1886 vir
556 1813 833 1904 eruditissimus,
855 1839 969 1912 quum
988 1816 1182 1914 scriptores
1204 1845 1296 1917 quos
1318 1819 1402 1893 Col·

81 1943 223 2012 lectione
241 1963 307 2012 sua
329 1937 596 2036 complectitur,
620 1936 726 2009 edere
745 1937 885 2030 studeat
904 1963 1013 2035 quam
1034 1939 1362 2034 emendatissima,
1382 1970 1404 2018 a

79 2068 275 2134 Gursrscuo
289 2067 495 2132 Drnnonrro
507 2059 725 2157 Sophoclem
735 2061 839 2157 petiit
849 2061 962 2158 ipsius
979 2076 1015 2132 et
1026 2062 1249 2159 reliquorum
1263 2066 1405 2137 critico·

79 2211 152 2256 rum
173 2187 268 2257 curis
290 2184 426 2256 ultimis
448 2183 757 2281 expolitissimum.
781 2185 848 2254 Cui
872 2185 925 2254 vir
943 2183 989 2256 de
1006 2187 1155 2258 scenicis
1172 2190 1288 2284 poetis
1305 2193 1404 2261 Grae·
1429 2181 1431 2190 ’

78 2335 194 2380 corum
222 2308 470 2380 meritissimus
498 2307 628 2379 annuit
658 2307 726 2393 ita,
753 2322 794 2378 ut
812 2307 914 2379 hunc
945 2324 1089 2406 poetam
1113 2335 1189 2381 non
1221 2312 1338 2383 solum
1363 2339 1402 2385 ea

78 2460 176 2530 quam
197 2435 234 2504 in
253 2433 496 2506 annotatione
515 2435 646 2503 Oxonii
666 2432 761 2504 edita
782 2449 1019 2530 proposuerat
1041 2437 1180 2506 ratione
1201 2438 1403 2508 restitutum

78 2559 241 2649 mitteret,
256 2558 322 2630 sed
335 2557 450 2629 multa
467 2559 597 2629 iterum
619 2581 661 2627 ac
681 2556 811 2653 saepius
830 2558 1046 2629 examinaret
1060 2575 1095 2630 et
1109 2585 1173 2656 per
1191 2559 1401 2649 biennium,

78 2706 142 2777 quo
161 2681 462 2780 typographicam
480 2705 573 2778 opus
587 2680 684 2751 lente
695 2679 913 2777 procedebat
925 2733 934 2768 ,
948 2681 1119 2779 plurimas
1132 2682 1402 2754 emendationes

76 2829 176 2876 novas
191 2805 349 2878 subinde
365 2805 557 2876 nobiscum
577 2805 871 2876 communicaret.
888 2808 968 2890 Qua
986 2830 1088 2878 mora
1106 2806 1273 2878 ellectum
1295 2823 1402 2879 estut

75 2927 287 3023 Sophoclem
317 2926 544 2999 confidenter
572 2928 756 2997 tradamus
787 2925 1000 2998 hominibus
1030 2927 1166 3016 doctis,
1192 2930 1255 3026 qui
1284 2931 1403 3001 sciunt

75 3050 155 3142 quid
184 3053 229 3122 sit
256 3065 371 3122 artem
401 3051 563 3122 criticam
597 3074 759 3121 exercere
791 3073 866 3120 non
896 3048 1047 3122 arbitrio
1073 3049 1164 3139 levi,
1188 3051 1251 3124 sed
1278 3053 1333 3124 ria
1360 3078 1402 3124 ac

75 3175 214 3248 ratione.

116 3300 311 3373 Translatio
330 3297 571 3386 Brunckiana,
587 3297 770 3393 ceteroqui
788 3295 895 3392 digna
914 3297 992 3368 viro
1016 3312 1088 3368 tam
1106 3296 1216 3400 docto
1241 3315 1277 3370 et
1303 3301 1400 3398 inge·

73 3423 188 3511 nioso,
204 3448 336 3495 caussae
352 3421 474 3493 multa
488 3436 592 3492 erant
605 3447 672 3492 cur
688 3421 821 3517 passim
837 3420 1082 3518 refingeretur.
1098 3427 1186 3494 Nam
1202 3425 1400 3497 brunckius

73 3545 130 3616 ubi
158 3549 301 3644 signum
331 3545 474 3634 extulit,
506 3545 618 3616 secuti
646 3558 729 3615 sunt
756 3545 972 3634 Hermauui,
999 3545 1180 3635 Elmsleii,
1207 3547 1399 3633 Lobeckii,

73 3669 304 3754 Boissonadii,
332 3667 533 3755 Dindorfii,
565 3665 766 3756 Wunderi,
803 3667 879 3752 alii,
907 3669 971 3764 qui
999 3669 1104 3739 crisin
1132 3685 1167 3740 et
1196 3670 1401 3769 interpreta-

74 3791 200 3864 tionem
219 3809 336 3891 poetae
361 3793 494 3864 mirum
521 3791 558 3861 in
578 3789 728 3861 modum
757 3806 1030 3886 promoverent3
1051 3791 1221 3879 inventus
1239 3809 1291 3866 est
1308 3794 1401 3866 liber

74 3917 332 4014 manuscriptus
347 3915 625 4001 Laurentianus,
643 3913 706 4009 qui
722 3913 950 4010 pluraquam
970 3915 1078 3986 ceteri
1094 3941 1220 3987 omues
1237 3919 1399 4012 genuinae

74 4040 234 4111 orationis
263 4037 472 4134 Sophocleae
489 4038 721 4108 conservavit.
746 4040 827 4107 Haec
843 4037 949 4132 igitur
975 4038 1012 4108 in
1037 4039 1266 4112 translatione
1288 4041 1399 4115 latina

74 4161 256 4255 neglexisse
282 4187 398 4259 quum
434 4161 484 4233 sas
515 4186 590 4232 non
623 4175 731 4247 esset,
753 4158 863 4232 docto
891 4160 1015 4257 juveni
1045 4166 1083 4231 L.
1112 4166 1306 4254 Brunouw,
1336 4167 1399 4264 qui

73 4280 113 4352 de
144 4285 242 4381 Ajace
272 4284 433 4357 libellum
465 4282 682 4382 peculiarem
719 4284 881 4380 scripsit,
914 4282 1041 4356 datum
1076 4299 1128 4355 est
1164 4309 1323 4378 munus,
1356 4305 1398 4360 ut

73 4426 110 4472 ex
139 4409 404 4479 commentariis
430 4406 609 4478 editorum
637 4420 674 4476 et
702 4405 814 4502 ipsius
837 4403 963 4475 studiis
994 4405 1052 4476 illa
1081 4407 1203 4479 omnia
1232 4407 1396 4482 llruncltii

74 4531 251 4624 corrigeret
278 4547 340 4602 aut
363 4529 571 4624 refingeret,
590 4554 669 4626 quae
692 4554 766 4600 non
786 4528 994 4600 viderentur
1008 4543 1105 4599 recte
1122 4531 1239 4626 posita
1260 4555 1347 4603 esse.

117 4655 182 4724 Sed
211 4656 434 4752 praecipuum
455 4669 508 4725 est
535 4628 668 4724 nostrae
690 4651 860 4742 editioni,
886 4635 928 4723 ut
950 4651 1146 4746 fragmenta
1169 4651 1393 4750 perditorum

74 4775 262 4850 dramatum
289 4779 326 4849 in
350 4803 391 4850 ea
411 4775 553 4874 plenius
581 4791 615 4848 et
637 4775 773 4870 majore
794 4801 878 4846 cum
899 4800 984 4847 cura
1007 4776 1157 4848 collecta
1179 4791 1215 4847 et
1240 4779 1394 4874 expolita

73 4896 224 4993 legantur
254 4927 362 5000 quam
394 4902 431 4971 in
459 4899 742 4998 praecedentium
770 4898 852 4970 ulla.
883 4901 1044 4971 Praestitit
1074 4900 1146 4973 boe
1174 4905 1282 4974 etiam
1306 4892 1395 4974 Gui-

75 5017 175 5095 lielmi
207 5025 387 5097 Dindorfii
431 5015 556 5095 sollers
598 5022 806 5117 diligentia,
843 5023 906 5119 qui
941 5023 1029 5094 olim
1064 5024 1160 5096 edita
1200 5025 1393 5121 fragmenta

77 5158 217 5228 corrosit
234 5174 268 5230 et
284 5183 376 5230 nova
396 5179 473 5252 quae
491 5169 712 5228 emerserunt
729 5155 858 5251 adjecit
874 5154 995 5226 multa.
1010 5160 1058 5227 Ea
1072 5171 1190 5228 atttem
1204 5157 1278 5253 jam
1292 5183 1392 5230 nunc
