3680 5790
240 405 297 464 δθθ

242 528 315 588 cinci
329 529 439 606 nequit,
452 529 502 588 sed
513 529 587 588 dolis
602 527 791 588 removendus
805 541 857 587 est.
869 527 998 608 AEgyptii

240 633 292 692 per
305 615 449 674 Danaidas
460 617 620 688 intereunt;
638 618 762 676 blinesa
776 616 873 676 cocali
888 616 999 674 filiabus

238 703 298 762 rita
329 704 469 782 privatur.
497 705 610 764 Chorus
643 703 758 764 videtur
784 705 998 784 oppidanorum

220 791 333 852 fuisse.
348 793 502 866 Quomodo
520 806 606 872 poeta
622 795 652 852 in
667 793 785 871 reliquis
808 792 932 853 fabulam
946 815 999 852 es-

238 883 358 954 nrnarit,
379 902 500 961 prorsus
521 885 680 961 ignoratur.
700 883 833 942 Dedalus
853 903 869 942 a
892 883 998 944 Cocalo

235 970 360 1030 comiter
384 986 518 1051 receptus
542 992 604 1032 esse
631 973 760 1046 videtur,
790 993 880 1048 quum
904 975 998 1031 ilinos

237 1055 318 1116 illum
333 1061 492 1138 repetitum
506 1059 536 1119 in
555 1060 678 1119 insulam
698 1059 829 1134 advenit,
850 1081 901 1118 rea
919 1062 998 1138 peri·

237 1145 303 1205 culo
324 1159 473 1224 permotus
490 1167 578 1226 quum
602 1149 687 1208 initio
706 1147 825 1207 reddere
848 1149 929 1207 illunt
949 1169 998 1206 vo·

238 1233 998 1314 herit,postealiliabusinstigantibusretinet.Minos,

238 1323 288 1399 qni
303 1325 431 1383 exercitu
443 1325 585 1384 instructo
600 1327 737 1399 venisset,
755 1325 856 1404 repelli
874 1345 933 1384 non
944 1345 999 1404 po-

238 1411 307 1484 tuit,
320 1425 349 1470 at
361 1431 450 1490 quutn
462 1427 595 1492 receptus
608 1415 703 1474 multis
716 1413 865 1472 laboribus
878 1433 998 1492 snpera-

238 1497 274 1556 tis
288 1497 391 1558 balneo
413 1502 514 1573 utitur,
528 1502 712 1562 interimitur.
732 1503 883 1562 Exercitus
893 1501 998 1562 κιιιίιιο

237 1585 422 1666 ducepostea
435 1589 539 1648 infecta
553 1610 584 1649 re
599 1591 629 1649 in
646 1591 768 1669 patriani
784 1590 867 1649 redit.

275 1677 447 1754 Fragmenta
466 1678 591 1756 quodam
611 1692 697 1758 pacto
711 1679 846 1758 explicari
867 1689 997 1756 possunt.

236 1765 418 1842 Hesychius,
452 1791 465 1816 a
484 1766 661 1846 κοιχιιίσυσιν,
686 1793 699 1822 ι
730 1769 843 1846 έχοῢσι,
872 1765 999 1848 perampl-

236 1852 323 1919 ζουσι·
346 1879 364 1934 ιΙ
372 1853 461 1913 πιστοί
482 1877 515 1932 pa
535 1857 672 1936 Σοφοκλῆς
695 1855 812 1936 καμίκην
837 1853 997 1933 ιιιυχιιίουσιν

236 1939 455 2022 ίμροραιδέσμας.
471 1967 484 1994 ι
509 1945 633 2020 Etymol.
655 1949 717 2003 MS.
742 1945 771 2001 in
793 1942 909 2002 Ruhnlt.
931 1947 996 2001 Διι-

236 2039 324 2088 ciant
338 2027 520 2108 Κωχιθουσιν,
535 2033 639 2111 dgnior,
652 2029 845 2113 μιτιυιρέζουσί.
860 2031 996 2110 lupuli<

236 2117 385 2196 Καμικοῖς·

236 2249 320 2332 [aaa]
342 2251 455 2319 Πιστοί
470 2277 507 2342 με
525 2253 704 2344 κυχιιίσυσιν
721 2255 751 2320 ίν
767 2257 845 2346 popei
861 2243 967 2344 δέμας.

234 2391 310 2448 Sunt
319 2386 409 2446 verba
421 2387 531 2448 Daedali
541 2387 591 2467 qui
606 2389 751 2467 quomodo
767 2389 798 2448 in
812 2389 933 2448 insulam
948 2409 997 2448 ve-

234 2476 325 2548 nerit,
338 2491 444 2536 narrat.
464 2477 551 2550 Quod
563 2497 652 2556 quum
665 2478 785 2540 Cocalus
798 2479 916 2538 miretur
930 2477 998 2536 talia

235 2565 492 2642 tusum,1)tedalus
502 2564 657 2646 respondet
668 2566 768 2646 (Clem.
778 2565 823 2626 ti.
833 2567 938 2624 Strom.
950 2567 998 2642 Vl,

234 2657 375 2736 t·7t1l=

233 2792 317 2874 [ott]
337 2795 404 2862 ota
415 2793 481 2861 έστι
493 2799 556 2872 τοῖς
569 2796 611 2886 μὴ
626 2785 721 2888 δρῶσι
733 2794 892 2886 σύμμαχος
905 2793 994 2886 τύχη.

233 2942 332 2997 Potest
343 2957 444 2998 versus
453 2940 530 2998 illius
543 2960 659 3019 quoque
672 2960 743 3015 esse,
753 2941 803 3018 qui
816 2940 934 2999 insidias
943 2938 997 2998 ad-

234 3045 334 3084 versus
354 3029 480 3086 Minoem
505 3029 602 3088 suasit.
624 3035 663 3088 At
686 3041 883 3088 memorantur
912 3029 998 3086 etiam

233 3113 340 3172 nadati
352 3114 465 3173 delicta.
478 3115 579 3174 Athen.
592 3119 644 3187 IX,
658 3137 685 3193 p.
699 3117 767 3184 388,
782 3120 819 3175 F:
832 3112 940 3195 Πέρδιξ·
951 3119 998 3174 τοῦ

233 3201 359 3279 ὀνόματος
374 3203 436 3262 lator
453 3202 624 3262 συστέλλουσι
638 3201 685 3276 τὴν
701 3202 785 3281 μέσην
801 3201 946 3275 συλλαέὴν,
960 3206 997 3272 ὡς

234 3289 401 3372 Ἀρχίλοχος·
416 3289 483 3350 πολὺ
499 3291 528 3350 δέ
544 3293 601 3351 ίστι
618 3291 649 3350 ab
669 3290 846 3370 έκτιινιίμινον
860 3289 934 3372 παρὰ
947 3301 998 3359 τοῖς

234 3378 370 3448 Ἀττικοῖς.
380 3381 449 3462 Σοφ.
470 3379 627 3460 Καμικίοις·

470 3517 551 3598 [634]
565 3500 690 3608 opatu
705 3511 770 3590 ἦλθ’
788 3517 942 3610 έπιίινυμος

286 3621 436 3724 Πέρδικος
450 3634 478 3698 έν
496 3636 621 3710 κλεινοῖς
633 3619 790 3705 Ᾰθηναέων
807 3630 927 3723 πάγοις.

233 3766 317 3825 Phot.
330 3781 359 3844 p:
373 3765 439 3836 413,
455 3766 488 3822 15
498 3765 616 3824 etSuid.
630 3765 660 3823 in
670 3761 800 3844 Πέρδικος
808 3763 890 3846 ἱερόν.
903 3812 910 3826 .
923 3807 930 3824 .
948 3765 997 3825 Σο-

233 3854 333 3934 ροκλῆς
341 3849 369 3910 δέ
379 3852 406 3910 ίν
417 3851 558 3930 Κυμαίοις
568 3851 647 3931 (libri
654 3851 791 3932 κωμικοῖς)
800 3853 882 3932 [665]
890 3851 934 3910 τὸν
946 3852 997 3912 tri

233 3939 365 3999 Δαιδάλου
380 3937 549 4021 διαιρεθέντα
563 3939 681 4021 Πέρδικα
693 3929 760 4000 εἶναι
772 3938 895 4018 τοῦνομα.
908 3941 996 4000 Aliud

235 4027 425 4105 fragmentum
438 4043 481 4087 est
494 4029 572 4107 apud
583 4030 751 4088 Athenaeum
766 4033 828 4104 111,
844 4048 874 4107 p.
887 4029 940 4102 86,
952 4033 994 4103 D,

234 4117 313 4194 quod
325 4116 361 4174 ad
372 4117 490 4176 insidias
500 4119 590 4176 Minoi
599 4129 721 4177 structas
730 4118 912 4177 referendum
924 4138 995 4176 cen-

234 4223 299 4264 sen:
321 4204 384 4262 Τῶν
400 4203 556 4284 στραδήλων
577 4205 735 4284 μνημονιθιι
754 4205 800 4266 καλ
814 4207 952 4289 Σοφοκλῆς
968 4207 995 4264 έν

236 4289 381 4370 Κυμαίοις
395 4289 488 4360 οθτυις·

233 4429 316 4514 [666]
328 4415 424 4510 Ᾰλίας
440 4424 613 4524 στραέιίλου
631 4421 738 4516 τῆσδε,
755 4434 869 4515 τέκνον,
886 4429 913 4498 ei
926 4455 996 4498 τινα

331 4534 482 4636 δυναίμεθ’
496 4549 595 4636 ιθρεέν.

305 4803 377 4859 Certi
391 4802 457 4859 mibt
469 4731 645 4861 sustineritbii
659 4804 749 4862 volatu
764 4819 874 4879 corpus.

287 4959 409 5016 Fortiana
419 4974 484 5030 eos,
497 4961 544 5036 qui
555 4890 751 5030 nibiiiudent,
762 4977 819 5020 non
827 4962 914 5033 juvat.

497 5119 540 5174 nb
553 5047 824 5192 aviaiognominatus
834 5120 908 5175 venit

287 5191 400 5253 Perdice
414 5194 442 5250 in
455 5195 596 5252 celebratis
609 5198 816 5255 Atheniensium
831 5199 917 5273 pagis.

785 394 992 458 soatioths
1013 394 1263 456 FRAGMENTA.

1050 529 1175 590 Videtur
1187 530 1264 588 enim
1276 527 1433 588 strabelurn
1450 529 1643 608 descripsisse
1655 543 1746 610 tegre
1755 532 1811 592 tit·

1050 617 1188 696 additque
1205 618 1352 678 cochleam
1368 617 1481 696 egregie
1494 630 1596 699 aptant
1614 619 1655 678 ad
1671 634 1812 698 aperturas

1051 710 1195 770 faciendas
1222 711 1312 771 instar
1342 709 1473 770 terebra.
1496 711 1586 770 Ratio
1614 725 1720 770 autem
1745 714 1813 770 inre·

1050 799 1155 860 nienda
1175 811 1250 871 erat,
1263 819 1321 880 qna
1342 819 1418 880 aqua
1434 800 1545 860 fervida
1562 802 1594 860 in
1613 799 1756 860 balneum
1769 803 1813 860 im·

1050 890 1170 968 proviso
1181 889 1391 950 infunderetur.

1089 981 1190 1036 Exstat
1211 991 1349 1058 preterea
1365 979 1557 1056 fragmentum
1572 977 1659 1056 quod
1676 979 1763 1055 plane
1776 981 1814 1038 ia-

1050 1079 1161 1124 certum
1178 1080 1221 1124 est
1239 1069 1314 1127 sitne
1334 1067 1401 1126 huic
1423 1067 1569 1145 tragedia
1593 1066 1814 1126 adscribendum

1049 1173 1146 1213 necne.
1167 1160 1294 1214 loannes
1312 1161 1505 1216 Damascenns
1520 1156 1552 1214 in
1570 1155 1669 1214 Gaisf.
1690 1155 1815 1234 Δρρειιέ

1048 1240 1084 1300 ad
1096 1242 1180 1304 Stob.
1194 1244 1251 1303 vol.
1263 1247 1312 1316 lV,
1324 1264 1353 1323 p.
1367 1247 1423 1304 36:
1437 1243 1583 1325 Εὐριπίδου
1599 1244 1754 1324 Κυμαῶ·

1048 1373 1131 1454 [667]
1154 1351 1247 1450 ὁστις
1259 1371 1323 1450 νέος
1340 1371 1379 1440 ὧν
1396 1381 1514 1466 μουσῶν
1532 1371 1648 1465 ἀμελεῖ

1154 1486 1207 1554 σίν
1224 1511 1259 1554 σι
1274 1489 1453 1579 παριλθίντ’
1469 1489 1615 1556 έπολωλι
1631 1489 1744 1580 χρόνον

1152 1598 1204 1667 καὶ
1219 1601 1271 1668 τὸν
1288 1601 1441 1693 μέλλοντα
1456 1601 1591 1675 τέθνηκε.

1049 1725 1227 1786 Gaisfordius
1246 1727 1370 1805 conjecit
1385 1725 1548 1810 Σοφοκλέους
1577 1727 1730 1806 Κυμαίων
1750 1729 1828 1788 scri-

1049 1814 1185 1888 bendum,
1207 1836 1309 1895 parum
1321 1817 1524 1896 probabiliter.
1539 1823 1581 1876 At
1598 1819 1624 1875 si
1641 1817 1769 1894 pertinet
1782 1817 1811 1874 ad

1049 1905 1124 2006 lianc
1140 1906 1315 1984 tragediam,
1327 1907 1410 1966 chori
1422 1918 1466 1966 est
1487 1905 1602 1966 Dedali
1622 1919 1721 1966 artem
1733 1907 1811 1964 admi·

1049 2006 1147 2054 rautts.

1375 2097 1488 2119 Ι*

1087 2195 1293 2254 liecensuimus
1309 2195 1365 2253 lruc
1380 2213 1471 2272 usque
1482 2189 1702 2272 tragoediarum
1714 2195 1809 2264 titulos,

1048 2303 1121 2363 quos
1135 2305 1151 2345 a
1166 2283 1313 2344 veteribus
1330 2283 1525 2364 grammaticis
1537 2283 1701 2360 Sophoclis
1716 2295 1810 2360 tragu-

1049 2372 1105 2430 diis
1119 2385 1198 2431 recte
1212 2371 1338 2431 adscribi
1353 2371 1527 2445 censuimus,
1541 2383 1635 2450 atque
1655 2371 1811 2450 ubicunque

1048 2459 1180 2539 quasdam
1205 2461 1235 2521 in
1261 2461 1379 2521 nomine
1407 2462 1545 2520 remansit
1575 2459 1746 2534 dubitatio,
1775 2461 1810 2519 illa

1048 2570 1162 2630 semper
1182 2549 1237 2610 fuit
1257 2551 1417 2630 ejusmodi,
1443 2563 1474 2608 ut
1496 2549 1622 2608 dirersis
1641 2553 1810 2628 argumentis

1048 2641 1176 2701 excussis
1206 2639 1277 2719 quid
1300 2642 1440 2719 tragicum
1456 2652 1551 2714 esset,
1573 2639 1666 2698 facile
1699 2639 1809 2718 perspici

1049 2743 1156 2809 posset.
1175 2731 1271 2790 Secuti
1284 2749 1352 2789 vero
1373 2729 1576 2788 auctoritatem
1599 2749 1710 2787 ennam
1733 2729 1809 2787 inter·

1049 2833 1174 2900 paetum,
1189 2821 1240 2900 qui
1257 2819 1309 2880 bas
1321 2817 1523 2898 tragediarum
1542 2817 1693 2896 reliquias
1714 2837 1809 2876 summ

1049 2931 1117 2970 cura
1132 2910 1374 2989 pervestigarunt,
1389 2926 1497 2986 pancos
1506 2908 1611 2966 titulos
1624 2907 1810 2967 removendos

1049 3001 1224 3072 censuimus,
1238 3000 1268 3058 in
1282 2997 1386 3076 quibus
1401 3016 1533 3077 persona
1548 3015 1675 3068 nomen,
1691 3016 1751 3054 non
1765 3009 1810 3052 tra-

1048 3089 1147 3166 gudiae
1159 3089 1248 3148 latere
1262 3085 1415 3168 probabile
1430 3087 1494 3160 fuit,
1511 3097 1562 3144 aut
1578 3087 1634 3164 qui
1649 3085 1729 3144 falso
1743 3101 1808 3143 eran:

1049 3193 1077 3238 ct
1099 3199 1199 3240 errore
1219 3181 1472 3258 grammaticorum
1494 3179 1525 3236 in
1549 3178 1692 3238 ordinem
1717 3191 1807 3254 tragcc

1049 3269 1162 3329 diarum
1177 3269 1270 3330 relati.
1283 3269 1492 3348 inscriptiones
1508 3281 1607 3328 tamen
1624 3267 1697 3326 dnae
1710 3287 1807 3327 remen

1048 3372 1155 3434 serunt,
1170 3379 1242 3438 quas
1255 3358 1371 3418 dubites
1387 3377 1476 3437 quum
1493 3359 1552 3416 sint
1573 3358 1709 3416 maxime
1725 3355 1806 3416 ambi·

1048 3467 1111 3528 guae
1138 3462 1168 3508 et
1196 3448 1314 3508 incerte
1344 3447 1391 3506 cui
1422 3447 1611 3525 potissimum
1648 3461 1805 3526 argumento

1049 3536 1177 3597 vindices
1189 3582 1197 3611 ,
1210 3557 1264 3596 nec
1281 3548 1405 3610 constat,
1425 3547 1522 3594 utrum
1543 3556 1653 3596 revera
1677 3535 1805 3616 tragedia

1048 3626 1156 3686 fuerint
1177 3646 1214 3686 an
1233 3626 1305 3685 meri
1327 3625 1583 3705 grammaticorum
1598 3646 1729 3685 errores.
1748 3630 1803 3683 Sunt

1047 3729 1142 3774 autern
1174 3715 1311 3776 Eumelus
1340 3729 1369 3774 et
1390 3715 1621 3793 Xoanephoms,
1647 3715 1688 3773 de
1713 3713 1803 3792 quibus

1047 3825 1137 3887 pauca
1151 3805 1287 3886 deinceps
1298 3806 1405 3866 dixisse
1418 3807 1551 3866 sufficiet

1368 3969 1475 3988 ‚Q—

1330 4056 1521 4120 EUMELUS.

1086 4198 1223 4258 Eumelus
1236 4196 1282 4255 bis
1297 4198 1402 4254 citatur
1416 4214 1432 4253 a
1446 4195 1595 4255 veteribus
1609 4200 1799 4274 grammaticis.

1047 4286 1084 4346 ab
1097 4287 1243 4364 Hesychio
1260 4299 1289 4343 et
1303 4286 1543 4364 Harpocratione.
1562 4291 1601 4342 At
1619 4289 1699 4364 apud
1721 4293 1797 4362 Hesy-

1047 4377 1144 4435 chium
1169 4377 1248 4434 locus
1273 4374 1354 4432 valde
1377 4375 1504 4432 incertus
1524 4389 1592 4433 est:
1609 4376 1730 4454 Alpesne
1749 4367 1797 4433 lea

1047 4465 1144 4546 Ἄρηα·
1162 4461 1272 4543 uipera<
1285 4461 1392 4546 κορέσαι
1411 4461 1442 4521 rb
1455 4461 1523 4542 δυ’ρυ.
1538 4461 1577 4524 Ἣ
1592 4463 1690 4543 αἵματι
1706 4469 1797 4546 μολῦναι

1048 4554 1093 4615 καλ
1109 4559 1213 4636 χρῶσαι
1227 4553 1299 4614 αὖτέ.
1318 4553 1385 4628 'Aca
1409 4552 1458 4635 γθρ
1479 4559 1496 4626 ἡ
1518 4557 1644 4638 ῥυπαρία.
1669 4557 1747 4618 'otei
1763 4553 1796 4614 rai

1115 4802 1259 4894 Maritima
1270 4801 1353 4894 buius
1366 4728 1491 4874 stiitiitt,
1506 4803 1562 4860 fllia
1572 4845 1579 4871 ,
1590 4805 1616 4862 si
1628 4819 1710 4880 quent

1115 4897 1253 4954 possimus
1264 4897 1390 4955 reperire.

1135 5041 1190 5111 Qui
1204 5057 1286 5113 quum
1296 4967 1453 5114 Juvantiiii
1465 5045 1557 5100 illusas
1570 5043 1689 5126 negligit

1133 5127 1161 5175 ct
1172 5129 1308 5194 protento
1319 5129 1441 5194 temporo
1453 5123 1534 5195 periit

1132 5209 1159 5255 et
1172 5200 1265 5258 futuro
1277 5208 1402 5257 mortuus
1415 5209 1466 5258 est.
