3662 5786
564 394 772 458 sorfluuuts
792 392 1044 456 FRAGMENTA.

20 547 128 618 gmenta
148 532 272 591 relatum
296 527 401 606 (schol.
422 524 501 586 Pind.
520 526 605 604 Pyth.
624 531 663 598 11,
682 525 778 606 125):

20 628 51 688 Ol
62 645 113 704 γαρ
125 618 252 684 Φοίνικας
267 611 480 694 παλιγκόπηλοι·
495 611 540 672 καλ
557 613 713 694 Σοφοκλῆς·
771 693 773 696 Ι

21 767 97 854 [991]
112 753 196 840 (luris
215 761 279 830 dieu
293 757 345 827 καὶ
359 763 467 852 πρᾶσιν
485 761 525 836 ὡς
539 750 643 834 Φοῖνιξ
658 756 731 851 ἀνὴρ

113 911 259 996 Σιδώνιος
275 915 423 993 κάπηλος.

21 1057 173 1119 Intercedit
190 1057 248 1116 alia
269 1072 392 1133 persona
411 1071 465 1130 pro
481 1049 639 1128 Eriphyla,
662 1048 781 1107 lortasse

21 1152 91 1210 illius
107 1147 230 1225 nutrix,
244 1157 278 1204 ut
292 1155 374 1223 putat
386 1141 550 1202 Welclrerus
566 1162 572 1198 ε

20 1272 112 1334 Viden'
119 1281 150 1330 ut
159 1281 187 1329 te
197 1272 323 1345 impietas
333 1266 470 1335 stimulat,
482 1282 532 1323 nce
543 1263 667 1323 moderat
674 1268 781 1322 metus?

22 1391 186 1469 Respondet
201 1411 209 1446 :

23 1525 130 1580 Fateor:
146 1517 194 1578 sed
206 1533 257 1575 cur
266 1523 376 1590 propter
390 1523 419 1573 te
429 1514 535 1589 pigrem
548 1521 596 1571 ant
609 1513 691 1586 hujus
702 1512 780 1570 dubi-

494 1603 551 1652 tem
563 1608 672 1667 parcere

24 1682 229 1848 ltadglllldeinde
243 1763 384 1842 Eriphyla
396 1775 429 1824 ut
443 1761 498 1824 sibi
517 1775 626 1843 parcat,
640 1781 686 1841 ap.
699 1760 778 1823 Stob.

25 1859 134 1932 CXVlI,
149 1857 166 1914 3
180 1877 187 1912 ι
205 1855 238 1914 Σ.
253 1849 405 1934 Ἐριφύλῃ·

25 2002 98 2080 [tat]
114 1995 198 2088 Γήρᾳ
214 1993 376 2088 προσήκων
393 1981 468 2070 σῶζε
484 1993 540 2065 τὴν
557 1988 717 2080 εὐφημίαν.

26 2129 106 2210 (Cod.
123 2135 187 2188 Par.
209 2127 401 2210 προσηκόντως.
423 2125 602 2186 Gaislordius
621 2124 780 2207 προσῆκον.)

25 2222 117 2295 Neque
128 2219 254 2277 alienum
266 2217 370 2276 incerti
393 2215 449 2274 loci
474 2214 665 2294 fragmentum
684 2226 744 2287 est,
757 2215 780 2274 si

27 2305 134 2382 quidem
148 2303 289 2382 Eriphyla
305 2300 556 2361 obsecrationibus
579 2300 700 2359 salutem
720 2318 782 2359 ser·

25 2413 86 2452 rare
99 2393 174 2451 velit.
186 2390 270 2452 Stob.
283 2393 421 2463 XXVIII,
434 2409 445 2447 r
458 2410 465 2445 ι

26 2528 101 2612 [tut]
118 2507 244 2618 (iprensi
260 2523 318 2621 γοίρ
333 2550 382 2592 τοι
397 2523 449 2591 καὶ
464 2526 538 2619 γυνὴ
556 2524 656 2617 φεύγει
673 2521 780 2618 πικρὰν

118 2631 212 2706 ὠδῖνα
230 2629 360 2724 παίδων,
378 2638 447 2706 ἀλλ’
464 2634 538 2705 ἐπὰν
553 2629 630 2729 λήξῃ
647 2647 754 2724 κακοῦ,

119 2756 147 2820 iu
166 2760 261 2822 τοῖσιν
280 2757 382 2832 αὐτοῖς
398 2743 530 2831 δικτύοις
546 2752 719 2837 ἁλίσκεται,

116 2869 187 2962 πρὸς
204 2878 262 2937 τοῦ
280 2871 428 2960 παρόντος
446 2868 545 2962 ἱμέρου
559 2868 716 2960 νικωμένη.

29 3005 117 3073 Quum
136 3016 246 3081 perstet
260 3004 290 3062 in
305 3002 459 3082 precibus,
474 3004 616 3062 Alcmaeon
632 3004 672 3062 ait
691 3001 780 3082 (Stob.

28 3091 85 3163 vri,
99 3091 130 3169 7)
143 3111 250 3150 vanum
265 3111 326 3150 esse
341 3092 420 3170 quod
434 3090 532 3154 dicat:

29 3227 104 3307 [994]
118 3213 243 3319 Ᾰνδρῶν
259 3222 318 3321 γὰρ
340 3225 451 3296 ἐσθλῶν
473 3228 594 3322 στέρνον
610 3231 644 3294 οὐ
662 3227 780 3320 portoie-

1435 397 1440 407 “
1535 419 1589 471 soe

833 523 908 582 Huic
919 523 985 583 loco
997 525 1200 589 vindicandum
1212 545 1263 604 est,
1277 535 1356 611 quod
1369 535 1399 594 in
1412 538 1487 614 App.
1505 542 1591 602 Vatic.

831 615 915 671 Prov.
930 617 978 687 11,
994 621 1047 691 99,
1061 615 1132 676 Cod.
1151 617 1231 678 Bodl.
1247 621 1305 679 585
1316 665 1325 694 ‚
1337 643 1366 701 p.
1380 625 1419 702 69
1434 626 1535 697 Gaisl,
1550 630 1592 687 le-

832 699 909 776 gitur
923 723 929 759 :
943 701 999 760 Kal
1015 699 1066 783 γὰρ
1084 701 1210 784 Ἀργείους
1225 711 1293 790 ὁρᾷς.
1317 709 1391 786 Alis-q
1411 711 1438 792 [ἡ
1453 716 1593 798 παροιμία)

831 785 997 931 ξρφόκλιιος·
1007 789 1147 863 πεποίηται
1156 793 1206 876 γὰρ
1216 793 1344 879 Ἐριφύλη
1352 798 1416 881 πρὸς
1425 801 1593 888 Ἀλκμαίωνα

849 897 959 954 εγουσα·

939 1006 1021 1092 [997]
1038 1008 1100 1075 Καὶ
1115 1003 1173 1106 γὰρ
1190 1000 1334 1108 ΙᾹργείους
1350 1021 1420 1110 ὁρῶ.

833 1135 946 1218 Εἴρηται
962 1138 989 1200 di
1005 1141 1049 1202 ἐπί
1067 1145 1118 1203 τῶν
1133 1125 1241 1215 tesard:
1259 1149 1323 1233 πρὸς
1344 1155 1429 1212 ὁτιοῦν
1444 1152 1592 1233 βλεπόντων

833 1223 876 1282 καὶ
890 1230 1104 1302 καταπληκτικόν
1116 1256 1143 1292 τι
1155 1234 1298 1295 δοκούντων
1313 1241 1384 1320 ὁρᾶν.
1396 1243 1431 1302 Ol
1442 1238 1470 1299 dl
1484 1241 1528 1300 ἐπὶ
1540 1243 1592 1302 τῶν

833 1313 869 1378 είς
881 1313 981 1386 κλοπ-λν
995 1320 1200 1398 ὑπονοουμένων.
1211 1324 1409 1406 Κωμῳδοῦνται
1421 1325 1472 1409 γλρ
1483 1327 1594 1411 Ἀργεῖοι

833 1398 876 1457 ἐπὶ
898 1401 995 1486 κλοπῇ,
1009 1407 1045 1474 ὡς
1064 1407 1109 1466 καλ
1132 1409 1267 1491 Σοφοκλῆς
1285 1413 1424 1494 ἐχρήσατο.
1446 1420 1516 1492 Quae
1537 1419 1595 1478 nisi

833 1503 969 1570 corrupta
982 1508 1063 1569 sunt,
1075 1510 1107 1555 ut
1119 1499 1270 1575 ridentur,
1283 1505 1403 1582 Argivos
1416 1519 1486 1584 puta
1498 1506 1595 1567 subito

833 1576 869 1635 ab
880 1579 1019 1658 Eriphyla
1031 1600 1201 1665 conspectos
1214 1591 1295 1667 quasi
1308 1611 1344 1650 ex
1355 1591 1482 1668 insidiis,
1497 1595 1547 1674 qui
1558 1596 1595 1655 ad

834 1665 911 1724 illam
924 1667 1150 1732 interficiendam
1167 1679 1327 1754 paratiores
1343 1700 1428 1758 quam
1444 1682 1519 1741 lilius
1532 1683 1595 1761 ipse

833 1751 1057 1817 intervenerunt.
1082 1765 1162 1841 Fuga
1193 1765 1312 1824 salutem
1338 1781 1516 1846 quaerentem
1544 1771 1595 1830 Al-

834 1861 943 1900 cmaeon
959 1843 1138 1924 insequitur,
1151 1849 1219 1910 dum
1234 1853 1340 1912 chorus
1355 1856 1533 1916 carminibus
1543 1857 1595 1916 irn-

834 1947 917 1986 mane
932 1931 1043 1992 lacinus
1063 1934 1179 2010 horret,
1198 1955 1335 2016 excusat,
1356 1942 1493 2003 defendit.
1510 1945 1596 2005 Caede

834 2031 1008 2096 perpetrata,
1020 2042 1106 2100 quam
1121 2028 1258 2087 annucio
1276 2031 1393 2090 relatam
1411 2032 1595 2107 crediderim,

833 2107 980 2166 Alcmaeon
1006 2110 1081 2171 redit
1101 2111 1162 2191 jam
1189 2117 1282 2176 Furiis
1306 2119 1428 2198 agitatus
1460 2141 1477 2180 e
1507 2121 1595 2182 domo

833 2215 1009 2275 erumpens:

833 2319 876 2375 lta
887 2317 1031 2392 imperitus
1042 2320 1204 2395 stupiditate
1217 2327 1337 2401 erumpit
1345 2345 1375 2387 se
1386 2329 1476 2404 impos
1485 2332 1594 2389 consili

833 2443 956 2502 Videtur
973 2445 1123 2506 altercatio
1141 2447 1217 2507 inter
1236 2469 1302 2510 eum
1319 2465 1349 2512 et
1365 2453 1519 2514 Adrastum
1535 2455 1594 2514 sra-

834 2545 907 2592 trem
921 2533 1068 2612 Eriphylae
1085 2547 1148 2594 orta
1165 2555 1238 2607 esse,
1257 2539 1282 2597 si
1298 2559 1406 2615 versus,
1423 2563 1496 2620 quos
1510 2543 1595 2610 Valc-

833 2622 965 2681 kenarius
985 2623 1118 2701 (Diatrib.
1134 2645 1162 2703 p.
1185 2625 1249 2705 150)
1266 2627 1419 2688 Alcmaeoni
1444 2631 1591 2692 attribuit,

833 2711 901 2770 huic
916 2711 1061 2790 tragoediae
1075 2712 1242 2773 vindicandi
1256 2728 1323 2774 sunt
1341 2716 1420 2796 apud
1434 2719 1506 2776 Plut.
1520 2722 1597 2780 Mor.

833 2819 861 2878 p.
877 2799 926 2872 35,
940 2804 975 2879 Ε,
992 2820 1025 2896 p.
1039 2801 1090 2873 88,
1102 2805 1137 2873 Ἐς
1152 2801 1296 2860 Alcmaeon
1310 2827 1317 2862 r

834 2949 914 3028 [298]
927 2935 1142 3038 Ᾰνδροκτόνου
1154 2949 1294 3042 γυναικός
1308 2951 1452 3043 ipo-yreia
1468 2951 1548 3042 ἔφυς.

833 3089 972 3148 Adrastus
986 3111 994 3146 r

835 3234 917 3319 [299]
931 3235 972 3302 Σύ
991 3225 1018 3300 δ’
1030 3233 1169 3327 αὐτόχειρ
1183 3261 1217 3330 γε
1230 3236 1374 3330 μητρδςή
1392 3263 1424 3304 σε
1435 3235 1567 3330 γείνατο.

666 3327 779 3436 imm·
832 3374 972 3434 Adrastus
993 3390 1140 3453 postremo
1161 3374 1238 3450 abit;
1258 3387 1319 3436 turn
1336 3395 1395 3453 quo
1412 3377 1595 3454 tranquillior

29 3461 124 3540 [Bell.
138 3467 246 3527 Anecd.
259 3489 285 3546 p.
302 3467 375 3542 362,
395 3467 668 3552 αιτλίματορρόρον
692 3472 778 3556 Σορο.
832 3463 882 3522 fiat
895 3465 1052 3536 Alcmaeon,
1068 3463 1173 3542 aliquis
1190 3465 1218 3524 ei
1233 3464 1345 3537 suadet,
1361 3477 1393 3522 ut
1409 3464 1528 3524 domum
1546 3465 1594 3523 in·

29 3553 110 3631 thir)

29 3689 102 3770 [999]
117 3690 200 3769 Τίσις
216 3683 245 3758 δ’
261 3686 371 3758 ἄνωθεν
385 3687 455 3758 αἷσιν
468 3693 702 3789 αἱματορρόφος.

29 3823 186 3899 Respondet
200 3826 320 3907 (Athen.
331 3833 417 3904 XIII,
431 3850 461 3909 p.
477 3829 544 3904 58],
556 3831 598 3903 D)
613 3855 621 3891 ι

29 3949 102 4033 [296]
117 3939 250 4047 (λλόρενε
266 3949 396 4043 παίδων,
414 3966 499 4026 ποῖον
516 3958 635 4054 εἴρηκας
649 3962 758 4058 λόγως

32 4075 85 4132 lam
96 4095 156 4137 eam
171 4082 316 4141 Alcmaeon
335 4082 484 4144 adoritur:

94 4200 148 4270 Age
160 4215 210 4274 age
225 4201 338 4259 amoIIre
350 4211 468 4274 restem,
481 4221 547 4265 care
559 4209 667 4284 attigas.

833 3562 927 3608 troeat
942 3550 1041 3627 (Clem.
1052 3552 1158 3608 Strom.
1170 3554 1219 3629 VI,
1236 3569 1264 3629 p.
1278 3551 1346 3625 741)
1360 3573 1367 3608 r

832 3690 914 3771 [999]
930 3673 1052 3756 Ᾰσελδ·
1068 3688 1178 3766 ἐκείνης
1193 3691 1284 3768 ύπνος
1297 3687 1398 3782 ἰατρὸς
1412 3688 1512 3757 νόσου.

833 3823 984 3905 (Correxit
998 3825 1208 3887 Valckenarius.
1230 3824 1320 3885 Codd.
1343 3822 1420 3884 ύπνον
1440 3822 1528 3902 ἰατρὸν
1549 3827 1591 3906 ν.]

832 3919 932 3990 Neque
951 3933 1019 3972 vero
1039 3913 1134 3985 audit,
1157 3914 1207 3974 sed
1223 3914 1321 3994 potius
1344 3915 1380 3973 ad
1400 3914 1511 3992 reliqua
1533 3918 1594 3977 sese

832 4002 894 4061 vult
911 4021 1092 4082 praeparere:

832 4136 913 4190 Nunc
925 4149 1035 4208 pergam
1048 4143 1081 4193 nt
1095 4131 1234 4207 suppliciis
1257 4132 1366 4206 placans
1390 4133 1513 4190 coelitum
1534 4148 1593 4193 aras

1284 4213 1416 4286 expleam.

32 4309 1572 4354 Ἢ

60 4447 208 4511 Emticuem
221 4455 310 4515 iecisti
324 4466 352 4516 et
368 4395 553 4520 iddditionem
564 4469 598 4521 nt
609 4463 725 4522 Phoenix

61 4525 181 4589 Sidonius
194 4551 291 4610 caupo.
362 4613 414 4666 m
756 4537 762 4543 ’

61 4665 99 4720 Ad
105 4681 269 4733 senectutem
276 4681 433 4751 perveniens
444 4695 521 4740 serra
531 4681 632 4740 bonam
642 4683 755 4741 tamam.

62 4807 235 4881 Jnrejurando
247 4817 320 4874 enim
332 4755 418 4876 aelli
423 4791 523 4880 inutier
536 4822 607 4896 fugit
618 4822 749 4882 acerbum

1183 4401 1246 4456 295.

901 4474 955 4534 Sed
969 4474 1038 4533 ultIo
1051 4489 1167 4550 superne
1175 4477 1272 4603 pppiet
1283 4474 1502 4549 sauguinolenta.

865 4624 1018 4682 Perniciose
1028 4639 1105 4698 puer,
1116 4622 1255 4697 quodnam
1268 4624 1380 4682 verbum
1395 4619 1548 4696 protulisti?
1596 4677 1597 4680 ,

989 4773 1098 4831 Etenim
1111 4734 1331 4900 Argiqpqlrieleo.

61 4893 161 4952 viritim
172 4892 301 4966 liberum,
315 4906 343 4955 at
355 4916 439 4972 quum
449 4900 565 4961 liberata
574 4907 617 4962 est
628 4904 712 4978 malo,
829 4925 870 4980 Tu
885 4920 1007 4979 mulieris
1020 4934 1081 4994 quae
1095 4919 1224 4977 maritum
1243 4919 1343 4979 occidit
1360 4889 1589 4991 mmmmueus.

62 4959 191 5028 incedan
206 4976 258 5032 reti
272 4977 370 5034 iterum
384 4981 490 5053 capitur

63 5050 181 5109 prasenti
193 5055 333 5130 voluptate
346 5057 464 5116 devicta.

62 5178 180 5246 Vnonrm
194 5197 267 5254 enim
279 5133 452 5257 seneida
465 5207 560 5274 pectus
572 5216 628 5262 nen
642 5199 775 5260 mollinse.

863 5065 907 5120 Τιι
916 5075 980 5119 vem
992 5058 1087 5117 matris
1097 4995 1288 5135 intereblliior,
1301 5074 1363 5135 que
1373 5067 1401 5117 te
1411 5059 1525 5132 peperit.

882 5202 952 5260 Abi:
966 5201 1040 5261 iilius
1051 5216 1166 5264 romnus
1178 5137 1302 5263 lrlddicus
1313 5199 1493 5276 agnwdinis.
