3662 5786
570 381 783 448 sorfloctls
805 381 1055 446 FRAGMENTA.

32 527 120 606 (Alter
132 541 235 584 versus
247 541 293 600 ap.
308 517 433 597 Hesych.
444 537 473 576 v.
490 516 644 594 liubasa-iv,
660 519 787 580 sineno.

32 619 103 678 mine
117 613 237 696 pnetae.)
248 617 284 671 lit
297 610 408 684 deinde,
426 622 459 669 ut
473 611 613 670 Pacuvius
625 611 756 689 scripsit:

130 733 223 792 Patria
237 740 280 790 est
292 730 449 803 ubicunque
465 727 534 786 bene
548 737 599 786 est.

35 841 177 918 Aristopb.
194 841 268 900 Plut.
288 839 359 896 1151
376 859 383 895 ι

85 943 186 1026 Πιτρὶς
196 941 248 1023 γάρ
260 942 316 1000 ἔστι
327 939 391 1001 πᾶσ’
406 937 440 998 iu’
452 936 483 997 dv
498 935 600 1019 πράττῃ
615 960 652 1004 τις
666 929 703 996 ei.

33 1055 126 1126 ltaque
144 1049 314 1107 confirmato
333 1047 430 1106 animo
444 1050 554 1105 Teucer
565 1043 688 1123 patriam
703 1044 788 1103 relin-

31 1136 169 1213 quendam
181 1137 343 1208 constituit,
360 1147 392 1194 ut
403 1153 508 1193 novam
523 1144 633 1212 quaerat
646 1133 676 1191 in
690 1137 788 1212 Cypro

32 1226 128 1284 insula.
141 1225 229 1298 Quod
238 1227 338 1304 spurio
348 1224 417 1296 lilio,
428 1223 475 1282 cui
488 1221 537 1300 jus
549 1221 716 1281 hereditatis
729 1242 787 1281 non

32 1314 190 1394 contingat,
202 1333 289 1393 quam
304 1312 428 1372 maxime
445 1311 585 1370 convenit
601 1310 788 1370 ct.110r.0d.

32 1405 53 1473 l,
69 1421 95 1472 7.

69 1488 158 1546 Velim
181 1502 214 1548 ut
231 1499 362 1567 quaerant
382 1507 478 1547 rernm
498 1486 715 1548 Atheniensium
735 1506 789 1566 pe-

33 1575 87 1646 riti,
106 1595 174 1634 uum
189 1575 287 1635 sabula
306 1577 412 1654 scripta
424 1576 461 1634 sit
479 1573 516 1635 de
532 1575 654 1648 Pericle,
671 1576 721 1652 qui
733 1597 789 1634 no-

35 1662 107 1720 thum
129 1663 219 1722 lilium
238 1664 268 1722 in
285 1665 381 1723 locum
402 1665 590 1742 iugenuorum
607 1673 675 1741 post
689 1682 789 1721 eorum

34 1763 149 1810 mortem
163 1751 276 1812 ascivit.
298 1751 419 1812 Videtur
430 1751 528 1810 fabula
539 1764 604 1810 ante
614 1751 730 1829 Olymp.
741 1753 789 1828 89,

35 1857 59 1910 a,
67 1840 251 1918 scriptaesse,
259 1853 293 1901 nt
301 1839 624 1920 apparetexAristopb.
633 1838 710 1898 Nub.
722 1839 788 1917 579.

354 1975 465 1995 ι*

294 2065 528 2129 EURYSACES.

70 2190 225 2268 Perexigua
245 2201 289 2247 est
307 2189 463 2247 auctoritas
487 2185 648 2266 tragoediae,
667 2208 733 2265 quae
753 2188 790 2249 ab

35 2282 186 2354 Eurysace,
199 2275 293 2354 Ajacis
306 2277 376 2350 lilio,
395 2295 499 2335 nomen
517 2276 660 2354 accepisse
676 2276 790 2337 dicitur.

35 2367 128 2442 ltaque
142 2364 227 2424 varice
239 2363 368 2424 virorum
384 2362 536 2423 doctorum
550 2363 667 2422 luerunt
677 2377 791 2424 senten·

37 2451 88 2526 tiae,
103 2453 164 2512 aliis
176 2473 241 2511 earn
256 2471 376 2531 prorsus
387 2449 592 2529 rejicientibus,
606 2452 669 2510 aliis
681 2453 791 2512 mordi-

37 2559 82 2598 cus
101 2539 271 2599 tenentibus.
292 2543 541 2598 Commemoratur
557 2557 679 2609 nomen,
698 2553 731 2598 ut
743 2541 792 2599 vi-

37 2625 124 2700 detur,
145 2627 181 2686 ab
193 2628 341 2705 Hesychia
352 2647 380 2687 r.
400 2626 484 2706 [²13]
501 2623 687 2695 «ἀδόξαστον»
702 2629 791 2710 Σοφο-

36 2794 95 2864 κλῆς
108 2795 263 2877 Εὐρυσάκει.
279 2770 349 2855 eol.
364 2737 470 2876 tipice.
485 2793 643 2854 Brunclrius
661 2814 718 2854 non
732 2795 790 2854 du-

37 2879 131 2943 bitavit
152 2886 224 2962 quin
242 2884 320 2942 locus
335 2882 472 2960 Hesychii
494 2895 571 2941 recte
598 2896 673 2942 esset
691 2901 790 2943 ernen-

37 2969 122 3029 datus.
141 2976 245 3051 Itaque
269 2972 298 3030 in
321 2971 452 3048 catalogo
471 2970 674 3049 tragoediarum
693 2974 791 3048 Eury-

36 3077 123 3116 sacem
142 3080 260 3138 qrroque
280 3061 396 3138 posuit,
417 3061 447 3117 iu
467 3078 527 3138 quo
546 3059 595 3118 alii
616 3078 680 3117 eum
700 3060 790 3118 secuti

37 3157 105 3202 sunt.
130 3149 248 3205 Novum
266 3160 362 3205 autem
384 3146 552 3206 Welckcrus
572 3145 683 3204 addidit
702 3166 790 3224 argu-

37 3247 158 3292 mentum
168 3235 243 3297 Attii
259 3233 426 3314 tragaediam
436 3239 619 3310 Eurysacem,
631 3253 716 3313 quam
729 3237 791 3294 sine

37 3339 123 3396 graeco
151 3324 287 3402 exemplo
311 3335 397 3402 negat
419 3334 549 3382 exortam
575 3341 645 3380 esse.
676 3322 733 3392 Qui
754 3323 790 3381 de

38 3410 167 3486 tragoedia
178 3409 363 3484 dubitarunt,
380 3409 410 3468 id
423 3409 490 3470 ideo
502 3410 631 3469 iecerunt
643 3411 723 3486 quod
736 3431 791 3468 no·

39 3512 98 3554 meu
121 3501 207 3560 semel
233 3497 433 3558 tantummodo
455 3510 670 3557 memoraretur.
709 3499 790 3558 ldem

39 3593 126 3643 tamen
142 3587 172 3644 in
187 3585 272 3664 Ajace
284 3590 379 3645 Locro
391 3585 520 3663 AEscbyli
538 3585 663 3643 vidimus
674 3605 727 3644 usu
743 3605 791 3645 ve-

38 3694 123 3752 ursse,
140 3700 225 3758 quem
238 3699 300 3742 eam
313 3678 351 3738 ob
366 3698 480 3738 causam
491 3699 526 3738 ex
544 3697 665 3738 numero
684 3689 789 3758 tragoe-

38 3761 142 3824 diarum
157 3767 363 3827 removendum
375 3787 436 3826 esse
449 3787 509 3826 non
521 3766 691 3826 censuimus.
715 3767 789 3826 Din-

38 3847 139 3912 dorlius
158 3856 253 3914 loctrm
276 3855 412 3933 Hesycbii
432 3867 509 3914 recte
525 3855 708 3913 emendatum
730 3875 790 3914 esse

39 3953 127 4016 negat.
147 3945 245 4003 Secutt
260 3963 358 4004 sumus
371 3942 562 4005 Welclrerum.

74 4029 202 4090 Fundum
231 4030 454 4110 interpretandae
477 4030 620 4109 trsgoediae
645 4030 790 4090 lustinum

38 4117 133 4190 XLIV,
151 4121 167 4176 3
183 4140 245 4179 esse
258 4134 349 4198 putat,
367 4120 445 4199 apud
464 4141 550 4198 quem
565 4120 627 4179 baec
640 4119 730 4179 verba
744 4141 791 4179 re-

40 4203 201 4296 periuutgr:
218 4209 357 4268 «Gallaeci
374 4213 504 4267 Graecam
523 4208 579 4268 sibi
593 4209 731 4287 originem
743 4227 791 4267 as-

39 4306 140 4364 serunt,
158 4295 299 4374 siquidem
314 4308 380 4376 post
396 4297 483 4356 linem
498 4295 617 4374 Trojani
627 4295 696 4357 belli
711 4301 791 4355 Teu-

39 4395 113 4438 crum
132 4397 224 4442 mnrte
246 4384 338 4462 Ajacis
354 4385 450 4443 fratris
467 4385 593 4443 invisum
615 4385 691 4462 patri
708 4385 792 4442 Tela-

39 4468 218 4547 moni‚quum
227 4493 286 4533 non
297 4472 509 4551 recipereturin
522 4493 651 4550 reguum,
662 4477 790 4552 Cyprum

38 4559 204 4619 concessisse
225 4573 311 4638 atque
335 4560 377 4620 ibi
400 4559 502 4620 urbem
527 4562 645 4619 nomine
666 4563 791 4638 antiquae

41 4643 134 4714 patriae
150 4648 294 4707 Salamina
313 4649 489 4720 condidisse,
510 4648 578 4707 inde
592 4663 709 4728 accepta
725 4650 792 4728 opi-

39 4727 120 4789 nione
141 4747 267 4813 paternae
292 4737 394 4796 mortis
417 4737 539 4814 patriam
564 4738 709 4814 repetisse.
737 4737 792 4797 Sed

38 4832 123 4890 quum
137 4821 175 4882 ab
196 4829 340 4902 Eurysace
360 4825 456 4902 Ajacis
475 4825 533 4883 lilio
556 4844 672 4884 accessu
689 4825 792 4903 prohi-

41 4899 169 4981 beretur,
196 4913 341 4992 Hispanias
368 4913 515 4974 littoribus
542 4914 696 4993 appulsum
717 4915 791 4993 loca,

41 4988 89 5050 ubi
111 5015 184 5058 nunc
196 5015 238 5060 est
263 5003 407 5082 Carthago
423 5023 509 5076 nova,
530 5022 704 5081 occupasse,
723 5003 792 5062 inde

41 5079 195 5147 Gallaeciam
212 5091 343 5150 transisse
357 5103 388 5149 et
400 5090 502 5170 positis
514 5088 632 5148 sedibus
647 5090 724 5168 genti
738 5110 793 5149 no·

43 5180 103 5226 men
121 5171 259 5236 dedisse.»
278 5182 353 5238 Sunt
374 5180 424 5258 qui
443 5189 577 5238 censeant
596 5179 791 5256 Telamonem,

1544 399 1603 455 285

842 535 933 593 quum
944 519 1057 576 Teucer
1068 535 1104 576 ex
1120 517 1207 577 exilio
1220 517 1328 579 rediret
1336 519 1488 596 Salamina,
1509 522 1603 586 adhuc

842 603 956 663 vixisse.
976 608 1085 663 Verum
1101 606 1161 665 baec
1174 607 1315 666 sententia
1327 607 1473 685 probabili
1492 612 1603 674 rationo

843 691 1010 752 destituitur
1033 713 1127 771 nequo
1152 695 1259 755 Justiui
1285 697 1398 772 verbis,
1419 699 1497 776 apud
1517 721 1604 778 quem

843 779 943 858 opinio
956 799 1031 858 saepe
1044 781 1152 841 dicitur
1166 803 1221 861 pro
1235 784 1318 858 lama,
1334 799 1530 864 supportatur.
1549 792 1605 847 Ne·

843 886 899 944 que
913 868 1100 947 intelligitur,
1124 871 1272 948 quomodo
1294 872 1431 950 tragoedia
1450 876 1604 951 Eurysacis

843 955 958 1015 nomine
975 956 1094 1016 inscribi
1110 959 1247 1035 potuerit,
1266 980 1339 1037 qua,
1354 981 1456 1022 savera
1470 977 1544 1022 esset
1556 965 1604 1024 illa

843 1043 1002 1117 sententia,
1018 1045 1119 1122 procul
1148 1046 1237 1106 dubio
1260 1053 1391 1108 Telamon
1411 1064 1486 1111 esset
1514 1051 1602 1114 dicta.

842 1135 990 1190 Postremo
1013 1133 1074 1192 lieri
1087 1153 1147 1191 non
1161 1135 1257 1214 potuit
1273 1150 1307 1196 ut
1318 1141 1432 1198 Teucer
1445 1140 1508 1197 sine
1518 1159 1604 1197 causa

843 1218 949 1278 rediret
966 1219 996 1278 in
1013 1221 1149 1300 patriam,
1167 1243 1225 1301 qua
1242 1225 1339 1302 pulsus
1353 1241 1414 1284 erat
1431 1227 1604 1285 inexilium.

843 1311 923 1366 Mors
940 1309 1048 1385 patrie,
1073 1309 1154 1387 cujus
1168 1311 1273 1370 iratum
1286 1313 1411 1372 auiruum
1428 1315 1485 1372 vivi
1498 1335 1604 1372 recon-

844 1393 913 1453 liare
932 1415 990 1454 non
1012 1399 1126 1475 potuit,
1151 1399 1219 1458 satis
1241 1418 1344 1478 magna
1365 1401 1503 1459 redeundi
1520 1421 1605 1460 causa

843 1497 912 1542 erat.
921 1475 1182 1565 Faciliorre'ceptus
1191 1487 1338 1565 impetrari
1352 1507 1435 1566 posse
1450 1488 1604 1547 videbatur

843 1569 880 1628 ab
894 1574 1057 1646 Eurysace,
1086 1592 1171 1651 quem
1184 1573 1232 1632 ille
1249 1574 1285 1632 ab
1306 1575 1437 1635 hostibus
1456 1577 1604 1636 defensum

843 1669 909 1736 post
920 1658 1014 1736 Ajacis
1036 1658 1147 1718 obitum
1159 1662 1303 1722 Salamina
1320 1663 1488 1724 adduxerat.
1506 1665 1605 1724 Rediit

842 1747 947 1824 igitur,
960 1759 994 1806 ut
1004 1750 1160 1827 Eurysaci,
1175 1750 1232 1810 lilio
1247 1751 1359 1828 Ajacis,
1372 1754 1421 1830 qui
1438 1773 1495 1811 non
1507 1755 1604 1812 minus

843 1833 885 1891 illi
901 1853 988 1910 quarn
1001 1835 1141 1895 Telamon
1152 1837 1236 1897 irasci
1252 1851 1302 1898 aut
1316 1840 1410 1918 potuit
1426 1852 1475 1899 aut
1493 1841 1604 1914 debuit,

844 1940 874 1980 se
891 1934 1011 1982 excuset
1036 1923 1121 2000 eique
1144 1926 1334 2003 persuadeat,
1359 1927 1438 2005 quod
1455 1927 1605 1988 Telamoni

843 2010 1017 2088 persuadere
1043 2031 1102 2070 uon
1123 2015 1226 2091 potnit.
1255 2017 1381 2074 Frustra.
1408 2019 1477 2074 Haec
1502 2017 1605 2076 misera

843 2098 1009 2175 spuriorum
1026 2096 1184 2159 liberorum
1201 2101 1256 2160 luit
1268 2102 1412 2176 conditio,
1429 2115 1461 2160 ut
1483 2106 1605 2182 patriam

844 2184 951 2244 habere
963 2205 1022 2244 non
1031 2186 1209 2247 riderentur.
1226 2189 1272 2246 Ad
1285 2189 1359 2248 banc
1368 2191 1535 2268 tragoediam
1549 2192 1606 2250 ior·

845 2285 919 2332 tasse
933 2275 1034 2334 melius
1053 2296 1139 2353 quarn
1152 2277 1188 2335 ad
1207 2281 1370 2349 Teucrum,
1386 2278 1437 2336 ubi
1455 2278 1607 2359 descripsi·

819 2393 820 2396 =
844 2381 919 2434 urus,
940 2362 1036 2422 locum
1055 2366 1202 2424 Pausaniae
1220 2365 1353 2425 retuleris
1376 2371 1399 2438 1,
1416 2367 1463 2440 28,
1480 2386 1533 2438 ra,
1557 2367 1606 2427 ubi

844 2450 947 2508 Teucri
964 2450 1072 2510 reditus
1085 2465 1114 2509 et
1128 2451 1255 2512 defensio
1269 2451 1346 2531 apud
1359 2453 1525 2512 Phreattum
1536 2474 1606 2513 nar-

844 2548 933 2598 ratur.
946 2539 1114 2598 Welckerus
1136 2539 1254 2618 quidem
1276 2541 1324 2599 illa
1339 2544 1453 2600 Teucro
1474 2541 1606 2602 attribuit

843 2625 930 2702 Troja
953 2625 1104 2701 redeunti;
1136 2627 1216 2706 quod
1237 2628 1300 2687 lieri
1322 2649 1379 2687 non
1406 2631 1518 2706 potuit,
1549 2631 1605 2690 nisi

843 2704 940 2782 Ajacis
964 2706 1113 2764 interitum
1139 2707 1289 2766 Telamoni
1311 2720 1411 2765 notum
1429 2707 1490 2784 jam
1517 2709 1603 2768 luisse

844 2811 968 2851 censeas.
982 2793 1017 2851 Id
1030 2807 1123 2852 tamen
1138 2794 1375 2854 minusconrenit
1389 2795 1563 2874 fragmentis.

883 2887 1087 2960 Argumentum
1105 2882 1248 2960 tragoediae
1258 2883 1352 2964 ipsum
1367 2885 1435 2943 satis
1448 2905 1534 2963 grave
1551 2898 1602 2945 est.

844 2969 1032 3029 Memorabile
1042 2983 1137 3029 autem
1147 2971 1252 3030 Teucri
1263 2973 1374 3030 nullum
1385 2972 1508 3032 Athenis
1519 2973 1605 3042 fuisse

845 3070 1071 3132 monumentum,
1086 3078 1260 3139 quamquam
1276 3079 1334 3119 non
1349 3061 1458 3119 alienus
1476 3061 1529 3118 luit
1548 3081 1602 3120 au-

846 3147 977 3224 tiquitate
993 3146 1222 3208 Atheniensium.

883 3235 1008 3295 Chorum
1030 3236 1117 3296 fuisse
1133 3237 1256 3298 militum
1275 3237 1321 3299 vel
1343 3238 1488 3297 sociorum
1501 3237 1605 3296 Teucri

844 3335 961 3400 putant,
981 3324 1049 3401 quia
1063 3344 1121 3383 non
1136 3326 1197 3383 sine
1211 3325 1367 3384 comitibus
1381 3345 1417 3382 ex
1429 3325 1522 3403 patria
1535 3343 1604 3402 pro·

843 3410 931 3470 ficisci
953 3412 1067 3489 potnit,
1089 3432 1183 3490 neque
1203 3413 1357 3472 verisimile
1375 3410 1492 3470 videtur
1512 3411 1605 3470 solum

843 3517 907 3556 eum
934 3509 1034 3575 postea
1055 3498 1184 3560 rediisse.
1220 3503 1282 3558 Hoc
1305 3511 1483 3577 postremum
1511 3510 1606 3556 tamea

844 3583 921 3642 exuli
935 3605 965 3644 se
977 3585 1142 3656 defensuro,
1159 3585 1210 3663 qui
1225 3598 1257 3645 ut
1270 3586 1447 3664 postliminio
1463 3585 1607 3663 recipere·

845 3684 892 3730 tur
902 3672 1072 3750 suppliciter
1086 3685 1240 3751 rogaturus
1254 3687 1325 3752 erat,
1337 3672 1438 3731 melius
1449 3671 1606 3730 conuenie-

843 3758 910 3832 bat;
930 3759 1036 3818 deinde
1045 3760 1217 3838 plerumque
1232 3759 1352 3819 chorum
1367 3759 1428 3836 ejus
1443 3779 1505 3818 esse
1521 3759 1606 3818 inve-

845 3848 957 3922 nimus,
984 3846 1065 3924 cujus
1097 3858 1163 3905 sunt
1192 3859 1288 3924 partes
1318 3847 1470 3924 primariae.
1505 3849 1606 3924 ltaque

844 3935 950 3994 rectius
963 3935 1028 3994 illos
1044 3953 1146 3994 censeo
1166 3934 1310 4013 judicare,
1337 3934 1386 4013 rpui
1398 3955 1433 3994 cx
1445 3934 1606 3995 Salaminiis

844 4023 1037 4100 compositum
1053 4023 1172 4082 chorum
1189 4023 1339 4082 affirmant.

884 4111 974 4170 Multa
992 4112 1149 4190 fragmenta
1172 4111 1241 4170 Attii
1256 4123 1340 4184 suut,
1364 4131 1428 4188 quae
1448 4110 1607 4169 omisimus.

846 4199 945 4258 Siutne
964 4197 1050 4257 verba
1065 4198 1143 4277 apud
1156 4203 1315 4258 Varronem
1327 4200 1410 4278 Ling.
1427 4200 1476 4258 lat.
1487 4202 1551 4272 Vll,
1567 4199 1583 4256 3
1599 4218 1607 4254 ε

844 4291 983 4347 «Teucer
1005 4288 1081 4348 Livii
1104 4299 1171 4367 post
1192 4307 1284 4346 annos
1309 4293 1365 4349 XV
1383 4309 1398 4346 a
1421 4289 1480 4347 suis
1501 4289 1551 4367 qui
1570 4288 1607 4345 sit

845 4375 1007 4454 ignoratur,
1020 4403 1034 4428 ν
1048 4376 1085 4436 ad
1098 4376 1249 4456 Sophoclis
1269 4377 1438 4456 tragoediam
1456 4375 1606 4434 reserenda

845 4483 905 4523 non
921 4477 1041 4525 constat.

1125 4568 1293 4601 'noo——

1149 4689 1303 4753 eamus.

874 4801 1605 4905 NegatquidemWelclrerusPeleumetPhthiotidal

846 4931 916 4990 quas
926 4933 943 4971 a
954 4914 1038 4972 Peleo
1046 4933 1105 4972 non
1114 4912 1390 4990 distinxitaliudque
1399 4910 1424 4989 ej
1431 4910 1529 4969 usdeur
1545 4923 1589 4970 tra
1605 4943 1608 4950 ·

846 4999 945 5079 gordiae
956 5021 1062 5060 nomen
1083 5021 1143 5061 esse
1158 5001 1298 5073 affirmat,
1312 4999 1487 5078 conjunctim
1503 5018 1519 5056 a
1533 4997 1599 5057 scri·

846 5088 979 5167 ptoribus
999 5088 1099 5163 citari3
1122 5088 1187 5148 ideo
1209 5109 1280 5148 vero
1302 5089 1427 5146 rationes
1452 5103 1516 5146 suas
1544 5104 1604 5172 [ιρι]

846 5173 1604 5257 tolli3aliasenimquoquetragoed'msait,quibusdu-
