3690 5792
335 409 573 470 iuilrouu.

122 543 205 626 Ἐμοί
215 542 268 627 γδρ
279 543 361 613 odiet<
372 543 449 614 δξίως
460 543 534 606 ἐσται
545 542 629 624 γέμος

121 635 218 716 μιίζων
230 633 367 719 φέρεσθαι,
380 639 427 694 σοῦ
440 636 528 703 καλῶς
540 633 692 714 ἡγουμένου.

393 737 510 785 KPfflN.

120 809 203 874 Οὕτω
215 808 279 892 γδρ,
296 797 318 870 cfr
331 809 395 881 παῖ,
411 807 464 890 χρὴ
480 808 523 870 διὰ
540 809 653 893 στέρνων
665 809 745 894 ἐχειν,

29 919 100 958 auo
118 899 228 978 γνώμης
238 896 364 980 πατρῴας
375 897 452 958 πέντ’
464 897 569 958 ὄπισθεν
585 899 701 960 έστέναι.

118 991 145 1049 Τ
145 985 222 1048 ούτου
233 986 285 1071 γὰρ
299 986 384 1048 οὕνεκ’
398 986 489 1070 ἄνδρες
502 986 623 1069 εύχονται
637 988 713 1068 γονδις

118 1075 267 1150 κατηκόους
281 1075 409 1159 φύσαντες
421 1077 447 1135 ἐν
461 1073 550 1155 δόμοις
560 1075 641 1158 ἐχειν,

116 1169 153 1233 ὡς
171 1163 217 1224 καὶ
230 1164 274 1226 τδν
290 1164 382 1247 ἐχθρὸν.
395 1161 595 1244 ἀνταμύνωνται
609 1169 716 1240 κακοῖς,

112 1253 162 1314 καί
175 1252 220 1314 τδν
232 1253 307 1336 φίλον
321 1256 433 1332 τιμῶσιν
447 1252 474 1324 ἐξ
487 1251 545 1314 icoo
558 1252 649 1336 πατρί.

31 1362 97 1403 0⁴5
114 1341 212 1412 Ὅστις
225 1344 248 1402 δ’
264 1340 420 1426 ἀνωφέλητα
432 1341 518 1426 φιτύει
531 1340 627 1416 τέκνα,
653 1387 655 1390 -

113 1431 142 1492 τέ
156 1430 226 1494 τόνδ’
241 1431 273 1492 δν
285 1431 367 1502 ιέποις
382 1431 446 1492 ἄλλο
460 1429 531 1505 πλὴν
545 1435 619 1514 αύτῷ
635 1429 728 1500 πόνους

114 1527 213 1604 φῦσαι,
226 1521 310 1582 πολύν
325 1520 352 1580 δέ
365 1529 448 1582 τοῖσιν
463 1522 593 1603 ἐχθροῖσιν
607 1521 691 1600 γέλων
696 1546 705 1596 3

112 1610 166 1683 Μή
180 1609 225 1670 νύν
239 1615 308 1684 ποτ’,
321 1599 343 1670 ὦ
354 1611 417 1684 παῖ,
432 1609 478 1678 τας
491 1608 587 1691 φρένας
599 1610 624 1689 γ’
637 1610 678 1692 ὑφ’
692 1611 786 1684 ἡδονῆς

111 1699 238 1779 γυναικδς
251 1698 334 1760 οὕνεκ’
347 1698 475 1779 ἐκθύλῃς,
489 1698 562 1768 stede
574 1697 614 1759 δτι

31 1805 96 1848 ᾶσο
111 1789 217 1871 ψυχρὸν
230 1787 442 1871 παραγκάλισμα
453 1794 531 1849 τοῦτο
543 1787 677 1868 γίγνεται,

111 1877 181 1958 γυνὴ
193 1876 263 1951 κακὴ
277 1877 393 1948 ξύνευνος
406 1879 433 1936 ἐν
448 1875 548 1956 δόμοις.
564 1876 600 1940 Τί
612 1876 664 1960 γὰρ

108 1965 214 2044 γένοιτ’,
223 1964 256 2026 δν
269 1963 343 2034 έλκος
356 1965 444 2045 μεῖζον
458 1961 477 2038 ἢ
491 1963 564 2048 φίλος
577 1965 672 2046 κακύςς

111 2053 195 2118 Ἀλλδ
206 2052 308 2124 πτύσας
320 2054 384 2115 ὡσεί
398 2077 426 2113 τε
437 2055 554 2133 δυσμενῆ
569 2053 645 2132 μέθες

111 2145 163 2218 τῆν
175 2147 249 2205 παῖδ’
264 2146 291 2203 ἐν
304 2142 319 2170 ⁰
345 2146 390 2204 δου
404 2142 482 2216 τήνδε
495 2141 634 2226 νυμφεύειν
649 2142 709 2206 τινί.

34 2257 92 2296 σοι
109 2234 194 2297 Ἐπεί
207 2233 259 2318 γὰρ
271 2235 301 2292 α’
339 2258 353 2292 ν
367 2223 436 2293 εἶλον
450 2234 571 2315 ἐμφανῶς
585 2231 637 2312 ἐγὼ

109 2323 215 2394 πόλεως
227 2321 414 2396 ἀπιστήσασαν
427 2324 458 2382 ἐκ
470 2319 559 2394 πόσης
572 2320 664 2400 μόνην,

108 2415 196 2496 ψευδῆ
207 2412 232 2493 γ’
245 2409 358 2491 ἐμαυτδν
369 2413 399 2470 ού
413 2409 574 2481 καταστήσω
587 2408 676 2487 πόλει,

110 2501 183 2562 ἀλλὰ
196 2504 287 2562 κτενῶ.
302 2499 375 2581 Πρὸς
385 2499 460 2560 ταῦτ’
474 2498 621 2583 ἐφυμνείτω
633 2497 684 2560 Δία

109 2591 247 2670 ξύναιμον.
261 2593 295 2652 Et
307 2589 359 2672 γδρ
372 2587 405 2662 δῆ
419 2589 453 2649 τοί
465 2593 492 2668 γ’
504 2589 597 2668 ἐγγενῆ
610 2587 684 2671 φύσει

39 2701 93 2742 σου
109 2679 218 2759 ἄκοσμα
229 2677 330 2761 θρέψω,
344 2676 431 2759 καίρια
441 2675 501 2746 τούς
516 2675 565 2746 ἐξω
575 2675 674 2756 γένους.

108 2768 161 2831 Ἐν
174 2772 228 2836 τοῖς
238 2766 290 2848 γὰρ
303 2765 436 2826 οἰκείοισιν
447 2765 518 2834 ὅστις
531 2764 587 2826 ἔστ’
602 2764 669 2846 ἀνὴρ

108 2856 240 2940 χρηστδς,
254 2859 375 2939 φανεῖται
386 2857 434 2914 κείν
446 2854 522 2915 πόλει
536 2852 635 2922 δίκαιος
648 2853 693 2914 ῶν.

107 2947 206 3016 Ὅστις
218 2945 241 3006 δ’
253 2943 371 3027 ύπερόδς
382 2942 399 3016 ἢ
411 2942 506 3023 νόμους
521 2942 653 3023 βιάζεται,

107 3035 127 3110 ἢ
142 3033 326 3096 τούπιτάσσειν
337 3041 391 3102 τοῖς
403 3031 574 3116 κρατύνουσιν
588 3036 658 3110 νοεῖ,

38 3148 92 3187 eos
107 3126 160 3184 οὐκ
171 3122 224 3184 ἐστ’
236 3121 344 3183 ἐπαίνου
359 3124 451 3182 τοῦτον
464 3119 491 3188 ἐξ
503 3121 569 3198 ἐμοῦ
583 3122 682 3201 τυχεῖν.

107 3213 180 3274 Ἀλλ’
194 3211 223 3272 δν
237 3210 312 3279 πόλις
326 3208 446 3282 στήσειε,
459 3209 535 3268 τοῦδε
548 3207 602 3291 χρὴ
617 3207 705 3269 κλύειν

106 3298 270 3382 καδσμικρδ
283 3297 329 3360 καί
343 3297 432 3358 δίκαια
444 3296 490 3357 καὶ
500 3297 638 3356 τάναντία·

107 3391 157 3452 καί
169 3395 260 3451 τοῦτον
274 3388 306 3454 δν
319 3387 363 3448 τδν
376 3385 458 3470 οίνδρα
471 3385 594 3470 θαρσοίην
608 3389 660 3466 ἐγὼ

106 3481 196 3550 καλῶς
209 3476 257 3559 μέν
270 3478 375 3561 όέρχειν,
392 3466 422 3536 εύ
435 3474 458 3536 δ’
472 3473 503 3536 δν
517 3473 645 3558 οίρχεσθαι
659 3476 750 3551 θέλειν,

40 3593 91 3634 ατο
106 3568 183 3652 δορός
193 3572 218 3629 τ’
231 3566 263 3629 δν
278 3571 305 3628 ἐν
316 3569 429 3649 χειμῶνι
441 3563 670 3647 προστεταγμένον

107 3657 197 3738 μένειν
210 3656 310 3719 δίκαιον
321 3653 436 3735 κόγαθδν
447 3651 630 3735 παραστάτην.

107 3745 247 3828 Ἀναργέας
258 3743 286 3806 δέ
301 3745 389 3824 μεῖζον
403 3745 451 3805 οθκ
463 3739 534 3802 ἐστιν
547 3741 637 3802 κακόν·

106 3835 178 3910 αὕτη
189 3835 278 3905 πόλεις
291 3835 406 3906 ὄλλυσιν,
420 3831 462 3906 ἥδ’
475 3830 636 3900 ἀναστάτους

105 3924 193 3994 οίκους
203 3923 314 3997 τίθησιν·
327 3923 374 3996 ῆδε
388 3920 434 3982 σύν
448 3919 523 4001 μάχη
535 3919 610 4001 δορὸς

41 4039 90 4079 στιν
103 4011 203 4097 τροπδς
216 4011 422 4094 καταρρήγνυσι·
436 4011 488 4068 τῶν
503 4007 525 4065 δ’
536 4007 699 4090 ὀρθουμένων

104 4102 185 4174 σιύζει
194 4100 229 4162 τδ
243 4100 330 4162 πολλὰ
343 4098 445 4180 σώμαθ’
457 4101 475 4170 ἡ
486 4098 638 4180 πειθαρχία.
685 4161 687 4166 ,

105 4190 200 4260 Ούτως
210 4187 316 4269 ἀμυντέ’
330 4188 387 4248 ἐστί
399 4192 453 4258 τοῖς
464 4185 666 4266 κοσμουμένοις,

105 4279 195 4341 κούτοι
207 4277 328 4360 γυναικδς
342 4277 464 4357 οὐδαμῶς
476 4275 605 4351 ἡσσητέα.

105 4368 236 4451 Κρεῗσσον
248 4366 314 4448 γδρ,
328 4367 402 4450 είπερ
414 4367 466 4442 δεῖ,
480 4367 544 4450 πρδς
558 4365 649 4448 ἀνδρὸς
662 4367 781 4427 ἐκπεσεῖν

43 4482 90 4521 eso
104 4460 172 4519 κοθκ
185 4456 218 4518 δν
228 4459 359 4538 γυναικῶν
373 4455 481 4529 ῆσσονες
495 4455 630 4534 καλοίμεθ’
646 4455 689 4518 δέν,

377 4560 489 4608 ΧΟΡΟΣ.

105 4633 189 4713 Ἡμῖν
202 4631 260 4712 μέν,
274 4635 297 4693 εί
311 4631 349 4712 μῆ
380 4637 397 4652 ’”
414 4630 502 4716 χρόνῳ
513 4628 697 4711 κεκλέμμεθα,

104 4721 191 4802 λέγειν
207 4719 366 4805 φρονούντως
399 4720 509 4801 νλέγεις
523 4723 606 4789 δοκεῖς
619 4719 689 4802 πέρι.

377 4823 494 4872 ᾸῙΜΩΠ.

105 4896 214 4979 Πύτερ,
226 4895 279 4958 θεοῖ
293 4895 400 4981 φύουσιν
415 4894 559 4979 ἀνθρώποις
572 4895 680 4978 φρένας,

108 4986 213 5047 πόντων
227 4985 266 5047 ὅτ’
281 4986 337 5048 ἐστί
351 4986 495 5067 κτημάτων
506 4985 660 5068 ύπέρτατον.

50 5097 92 5138 eut
104 5073 178 5156 Ἐγῖο
192 5077 218 5136 δ’
234 5073 304 5145 θτως
316 5075 348 5136 σύ
363 5075 401 5156 μὴ
414 5074 498 5155 λέγεις
508 5077 589 5156 ὀρθῶς
601 5072 678 5146 τάδε,

107 5165 162 5228 οὔτ’
177 5165 210 5228 δν
224 5165 352 5245 δυναίμην
365 5164 427 5245 μήτ’
441 5163 600 5243 ἐπισταίμην
613 5161 706 5241 λέγειν·

105 5253 207 5335 γένοιτο
219 5251 316 5333 μέντδν
329 5251 436 5334 χάτέρῳ
450 5253 537 5320 καλῶς
550 5249 621 5332 ἔχον.

1155 421 1400 492 λὶίΐίθθίθίέ.
1612 431 1666 496 165

924 564 982 615 mihi
993 566 1055 618 euim
1073 567 1166 622 uultum
1183 575 1268 626 merito
1286 577 1433 628 connubium
1453 579 1532 644 potius
1547 583 1593 634 erit
1606 586 1669 648 quod

892 665 1031 718 coneeqmr,
1045 667 1118 721 quem
1129 660 1149 710 si
1160 663 1187 712 tn
1199 665 1263 716 recte
1271 676 1312 716 ote
1322 665 1446 730 gubernes

1220 767 1331 816 cison.

920 827 1014 879 seilicet
1030 829 1075 880 troo
1088 831 1168 883 unium
1180 838 1203 885 te
1213 849 1267 887 esse
1281 851 1324 902 per
1335 843 1386 904 est,
1396 839 1443 906 dii,
1457 849 1484 894 ui
1500 846 1579 896 onmis
1594 847 1669 910 petris

889 915 1004 966 voiuuteti
1022 917 1203 978 postponentur.
1597 957 1602 988 3

916 1007 1043 1072 neptem
1054 1009 1118 1060 mim
1136 1011 1236 1075 cupiunt
1254 1013 1364 1068 homines
1382 1019 1470 1071 liberos
1486 1022 1621 1086 suscipere,
1639 1024 1670 1072 si·

884 1093 957 1160 bique
970 1109 1062 1148 morem
1072 1101 1182 1162 gerentes
1192 1100 1294 1154 educere
1308 1103 1389 1168 domi,
1401 1111 1429 1158 ut
1444 1111 1469 1160 et
1480 1109 1603 1165 inimicum
1611 1112 1670 1162 uici-

884 1187 982 1235 scnntur
993 1185 1064 1238 metis
1075 1187 1170 1246 ittotir,
1184 1189 1322 1256 emicosque
1334 1194 1432 1258 endem,
1443 1211 1493 1260 quo
1502 1199 1579 1262 peter,
1591 1213 1669 1264 proce

883 1274 989 1334 quantur
999 1273 1097 1325 honore.
1160 1331 1165 1344 ,

915 1361 962 1421 Qui
974 1374 1031 1412 uero
1039 1375 1134 1428 cunque
1142 1364 1232 1416 liberos
1243 1367 1325 1430 genuit
1336 1369 1447 1434 inutiles,
1457 1374 1516 1436 quid
1526 1374 1669 1430 iiiumdicss

883 1447 963 1510 eliud,
978 1463 1053 1514 quem
1062 1451 1109 1502 sibi
1120 1453 1244 1506 umiesties
1254 1456 1379 1521 genuisse,
1397 1460 1549 1526 multumque
1565 1463 1669 1538 inimicis

882 1536 973 1588 risum?

913 1627 948 1676 tie
963 1639 1028 1678 nunc
1044 1640 1113 1692 ergo,
1124 1631 1343 1696 gnote,voluptnte
1361 1633 1453 1696 vietus,
1471 1635 1579 1687 mulieris
1596 1650 1668 1690 ceusu

882 1725 965 1764 sunem
981 1719 1087 1767 mentem
1099 1717 1211 1782 abiiciss,
1227 1719 1302 1784 probs
1319 1720 1411 1783 sciens,
1428 1723 1513 1787 ingere
1531 1726 1668 1790 impierum

882 1815 963 1866 prerae
973 1803 1094 1866 mulieris,
1104 1820 1177 1870 quom
1186 1807 1242 1871 quis
1250 1806 1317 1858 domi
1328 1815 1463 1860 consortem
1474 1812 1521 1862 tori
1532 1813 1628 1865 iubeat.

912 1891 959 1951 Qui
971 1891 1036 1942 enim
1047 1893 1123 1957 mejor
1135 1893 1167 1946 sii
1178 1895 1247 1946 dolor
1258 1908 1332 1962 quem
1349 1898 1428 1950 melus
1441 1900 1550 1951 emicui?

912 2057 959 2108 sed
971 2021 1089 2122 tenqunm
1121 2058 1244 2113 inimicam
1258 2061 1392 2128 despuens,
1408 2065 1513 2130 pueiinm
1531 2068 1598 2120 itiam
1616 2071 1668 2122 siue

880 2146 945 2211 apud
954 2150 1044 2198 orcum
1055 2147 1125 2200 sicui
1137 2149 1237 2204 nubere.

910 2247 960 2306 Ego
968 2245 1385 2312 enirn,postqunmitlemmeniiesto
1397 2251 1544 2318 deprehendi
1556 2269 1627 2307 unum
1636 2271 1667 2308 ex

878 2331 945 2382 omni
956 2333 1054 2384 civitate
1065 2337 1184 2400 imperite
1193 2341 1258 2389 metr
1270 2339 1442 2405 refragantem,
1449 2343 1591 2396 mendacem
1601 2351 1667 2397 certe

880 2433 919 2470 mc
928 2434 977 2471 non
990 2422 1111 2486 praestebo
1121 2425 1230 2476 civibus:
1243 2426 1287 2476 sed
1297 2427 1447 2480 interficiens.

910 2509 1014 2561 Proinde
1027 2512 1113 2562 Jouem
1129 2512 1241 2577 imploret
1257 2516 1406 2580 cognationis
1423 2519 1557 2581 presidem.
1574 2523 1665 2582 Quodsi

878 2597 1666 2672 iis,qutnuit1igenereconjunctisunt,immorigerisuter,proieeto

878 2687 950 2739 etiem
957 2687 1077 2738 curretis
1088 2687 1230 2753 Quicunque
1239 2690 1303 2741 enim
1311 2691 1335 2742 iu
1343 2691 1416 2744 rebus
1424 2692 1563 2748 domesticis
1573 2709 1665 2760 gneum

878 2779 930 2837 est,
946 2777 968 2827 ts
986 2776 1011 2827 et
1021 2775 1047 2826 iu
1066 2775 1287 2830 administrando
1303 2779 1400 2832 rtritote
1414 2781 1508 2844 iustum
1524 2795 1551 2834 se
1571 2785 1665 2836 exidbe

878 2863 922 2914 trit.

908 2953 1051 3018 Quicumque
1061 2968 1118 3006 sero
1128 2967 1185 3006 cum
1200 2955 1326 3008 inscientia
1337 2957 1377 3008 set
1392 2957 1456 3022 teges
1467 2958 1555 3023 uiolet,
1567 2960 1606 3011 rei
1620 2961 1664 3012 inr-

877 3055 961 3104 perure
978 3042 1157 3106 megistmtrims
1173 3043 1274 3114 cogitet,
1289 3059 1337 3094 non
1355 3049 1394 3098 est
1409 3050 1436 3095 ut
1451 3045 1472 3096 is
1487 3046 1607 3098 tondeme
1625 3063 1663 3101 me

877 3134 1047 3194 consequetur.

907 3217 954 3270 sed
965 3232 1039 3283 quem
1053 3218 1139 3272 civitas
1153 3232 1264 3273 summm
1278 3234 1368 3274 rerum
1384 3223 1532 3287 praefecerit,
1547 3225 1569 3274 ei
1582 3239 1663 3289 parere

876 3311 985 3371 oportet,
1001 3310 1026 3359 et
1035 3307 1060 3358 in
1079 3308 1173 3372 persis,
1184 3313 1210 3361 et
1220 3309 1246 3359 in
1255 3310 1337 3372 iustis,
1352 3311 1408 3360 etsi
1421 3325 1476 3375 quae
1490 3312 1661 3364 discontraria

875 3399 947 3447 sunt:
958 3398 1004 3460 qui
1014 3399 1103 3447 cutem
1111 3398 1291 3448 riocntmotue
1302 3399 1352 3460 rit,
1365 3397 1480 3461 iunccgo
1490 3399 1570 3449 rtrum
1581 3401 1663 3452 nutius

875 3484 999 3548 dubitem,
1013 3484 1072 3550 quin
1087 3489 1112 3534 et
1123 3489 1187 3536 recte
1198 3483 1315 3548 gubernet
1326 3497 1354 3536 εο
1371 3485 1433 3536 benc
1449 3486 1575 3550 gubernari
1590 3488 1661 3551 uelit,

875 3574 900 3623 et
915 3571 971 3623 belii
986 3571 1012 3622 in
1023 3571 1128 3637 procelle
1145 3585 1194 3636 qun
1211 3573 1264 3624 tono
1275 3573 1306 3624 sit
1317 3573 1459 3635 collocutus,
1477 3577 1660 3638 mensurussii,

871 3661 966 3724 iustum
978 3675 1005 3712 se
1018 3661 1131 3726 prebens
1142 3661 1277 3726 fortemque
1292 3662 1411 3712 sociorum
1426 3662 1570 3725 adiutorem.

903 3749 1010 3800 Licentit
1025 3750 1091 3800 enim
1107 3749 1185 3813 maius
1201 3748 1266 3802 imud
1277 3750 1342 3800 uliud
1354 3755 1391 3800 esi
1408 3749 1518 3799 muium:
1536 3749 1590 3801 huc
1603 3752 1659 3802 ciri·

875 3839 935 3889 tetes
952 3837 1044 3902 perdit,
1063 3836 1198 3901 domosque
1215 3837 1322 3888 desertas
1337 3834 1417 3887 reddit
1436 3849 1443 3884 ε
1463 3835 1516 3884 iraec
1528 3835 1552 3884 in
1569 3835 1659 3899 proeliis

873 3927 951 3992 ruptis
957 3925 1082 3978 ordinibus
1088 3926 1157 3990 iuges
1166 3925 1252 3996 officim
1262 3927 1288 3976 nt
1296 3923 1460 3975 modestorum
1467 3923 1577 3988 plurimis
1587 3924 1658 3974 sciuit

872 4017 909 4064 est
919 4012 1062 4063 obedientie.
1361 4009 1363 4014 ’

902 4184 942 4235 stc
950 4181 1100 4236 detendende
1113 4182 1173 4234 ordo
1181 4187 1207 4234 et
1215 4182 1353 4246 discipline,
1363 4195 1407 4250 nec
1416 4184 1658 4248 proiectouiiomodo

871 4271 1019 4323 muliercule
1031 4269 1166 4323 cedendum
1179 4276 1225 4322 est.

903 4370 984 4420 setius
993 4369 1031 4420 est
1040 4368 1114 4429 enim,
1126 4368 1147 4418 si
1156 4369 1216 4432 citet
1228 4379 1327 4419 necesse
1338 4369 1388 4429 est,
1397 4382 1412 4418 ε
1421 4369 1550 4434 τίνυσθαι,
1565 4383 1609 4421 nec
1624 4372 1656 4422 in·

871 4447 916 4500 cite
925 4447 1067 4498 mutieribus
1079 4446 1204 4497 interiores
1213 4459 1268 4498 esse
1279 4445 1396 4497 dicemur.

901 4643 976 4695 Nobis
987 4641 1099 4707 quiden,
1112 4641 1157 4692 nisi
1168 4571 1458 4703 οθοειέιίίῖῶςδεεέρίοιοε,
1474 4639 1553 4691 dicere
1564 4641 1653 4704 sepien-

870 4735 907 4784 ter
918 4745 958 4795 ee,
968 4729 1096 4795 dequibus
1106 4727 1179 4790 diets,
1191 4728 1286 4779 videris.

1200 4836 1329 4878 nmmos.

901 4913 982 4970 Peter,
1000 4907 1035 4959 dii
1049 4905 1188 4958 honriuibus
1199 4905 1338 4968 ingenerant
1354 4901 1486 4968 rationem,
1498 4903 1560 4955 inter
1570 4917 1653 4954 onnrrcs

870 4998 990 5062 quotquot
999 4997 1070 5058 sunt,
1086 5007 1145 5058 opes
1158 4992 1388 5057 praestantissimam.

902 5085 951 5146 Ego
961 5085 1055 5144 sutem,
1067 5084 1150 5144 quotu
1163 5079 1215 5129 ineo
1227 5091 1276 5128 nnn
1288 5078 1353 5128 reete
1363 5076 1442 5142 dices,
1453 5089 1498 5129 nec
1509 5077 1587 5129 dioerr
1599 5091 1653 5143 pos·

870 5170 917 5220 sim
928 5182 998 5232 neve,
1006 5173 1038 5220 ut
1050 5169 1147 5225 dicam,
1161 5167 1221 5218 setis
1235 5165 1280 5217 sim
1293 5165 1435 5229 intelligens.

900 5260 943 5307 ist
953 5261 1034 5308 tumen
1046 5259 1071 5307 ut
1084 5253 1147 5306 citus
1158 5253 1231 5306 etiem
1242 5253 1417 5308 dictabenese
1429 5253 1541 5306 densent.
