3656 5798
176 350 231 403 art
721 327 895 392 AEscttt'tt
917 321 1162 386 FRAGMENTA.

473 461 639 523 OEDlPUS.

179 673 263 735 ducta
286 673 416 751 OEdipus
435 671 563 729 omnium
585 668 767 728 beatissimus
788 687 838 726 rex
862 665 936 738 fuit,

178 764 286 843 quippe
309 762 358 840 qui
378 760 492 838 imperii
508 757 673 817 felicitatem
687 777 752 816 cum
775 757 838 814 laeta
860 753 935 812 libe-

180 874 276 912 rorum
285 851 421 932 progenie
436 848 617 926 conjunctam
632 847 712 907 vidit.
724 849 803 906 Duos
815 846 888 904 filios
902 863 938 902 cx

180 947 290 1001 Iocasta
303 939 443 1017 suscepit,
460 937 638 1015 totidemque
652 936 713 994 filiae
725 937 752 994 ei
766 947 839 994 natae
850 944 937 1009 sunt,

180 1049 277 1088 omnes
297 1029 372 1107 patri
385 1025 600 1104 jucundissimae
619 1023 772 1084 senectutis
785 1042 875 1102 ‚spem
892 1020 936 1078 fa-

181 1116 301 1174 ciebant.
327 1121 364 1176 Et
387 1114 448 1193 jam
476 1113 661 1174 adoleverant
687 1113 762 1172 inter
787 1110 939 1171 maximam

975 453 1060 513 etiam
1087 453 1137 530 qui
1160 450 1307 528 OEdipum
1329 449 1454 508 Athenas
1467 447 1576 507 venisse
1591 446 1693 526 ibique
1715 463 1744 504 et

218 593 390 662 interempta
401 581 562 662 Sphingeet
569 581 716 641 locastain
723 577 935 638 matrimonium
975 545 1161 648 ‘ffl'mfmet
1175 541 1317 644 ’ΨΜ
1332 551 1515 642 θ”θΡΠίωθ
1530 541 1610 598 3²⁰⁰
1625 549 1745 640 ’ΜΨ

977 646 1046 692 tram
1053 645 1133 692 arunt
1141 634 1248 692 firman
1255 631 1422 708 fragmentis
1431 629 1519 702 hrsce,
1526 647 1651 706 quorum
1660 647 1745 706 prius

976 734 1069 782 exstat
1088 720 1167 801 apud
1188 720 1282 780 schol.
1306 718 1396 796 Soph.
1417 719 1454 777 ad
1475 717 1550 777 uad.
1566 718 1629 777 Col.
1648 725 1745 790 1047:

976 808 1019 872 Τίς
1035 812 1062 870 ίν
1078 809 1210 869 Ἐλευσῖνι
1228 805 1292 880 τίλη
1310 805 1390 890 φησί,
1413 805 1458 865 καί
1480 803 1522 878 εἴη
1548 803 1579 864 ἂν
1605 803 1747 882 λαμπάσιν

976 898 1067 964 ἀκταῖς
1077 895 1161 974 λίγεινν
1175 904 1232 965 ταῖς
1243 892 1488 974 λσμπσθευομίναις
1504 889 1550 952 καί
1564 893 1746 968 καταλαμπο-

978 979 1068 1064 μίναις
1080 984 1130 1044 tet
1141 987 1186 1058 τῆς
1196 985 1323 1064 μυστικῆς
1333 979 1426 1063 ρλυγθς
1437 981 1482 1041 καί
1495 983 1546 1040 τῶν
1556 982 1633 1062 ἱερῶν
1649 978 1749 1061 δᾴδων,

977 1074 1038 1158 περὶ
1051 1066 1088 1136 ὧν
1100 1074 1232 1156 Αἰσχύλος
1245 1073 1338 1158 paclus

181 1205 261 1283 regni
286 1204 466 1274 felicitatem,
486 1223 576 1282 quum
601 1201 698 1261 subito
725 1203 784 1260 lues
810 1212 874 1259 orta
898 1209 941 1256 est
981 1179 1748 1288 [188]Λαμπραῗσενἀστραπαῒσιλσμποίθωνσθένει.

181 1293 437 1393 gravissima,quae
449 1312 507 1350 non
519 1290 627 1369 minus,
641 1299 727 1369 quam
738 1288 850 1369 Sphinx
861 1285 940 1387 olim,
979 1314 1111 1373 Butler-us
1125 1313 1239 1393 quidem
1256 1313 1311 1372 hoc
1328 1313 1515 1391 fragmentum
1531 1309 1568 1368 od
1585 1309 1750 1370 Eleusinios

182 1380 283 1440 urbem
310 1380 421 1440 afflixit.
448 1385 541 1453 Quam
562 1399 652 1458 quum
675 1379 779 1438 frustra
808 1377 941 1435 humanis
980 1404 1124 1482 pestium
1150 1403 1272 1482 pum„
1296 1402 1428 1462 Alpem
1455 1413 1499 1460 e„
1517 1398 1595 1478 apud
1622 1398 1749 1458 ,undem

182 1467 287 1547 opibus
300 1481 430 1528 avertere
440 1469 535 1528 conati
548 1469 618 1526 nihil
632 1468 834 1568 profecissent,
848 1463 941 1524 OEdi-
982 1491 1170 1550 scholiastam
1180 1489 1256 1550 ib,
1271 1499 1345 1568 ,049
1362 1487 1454 1561 ,mn
1467 1488 1494 1548 gp
1504 1483 1551 1555 ed<
1562 1487 1688 1556 πχηχς.
1705 1485 1750 1548 „1

184 1577 238 1636 pus
252 1558 371 1616 nuncios
388 1557 425 1615 ad
444 1558 591 1616 oraculum
609 1568 686 1614 mtsrt
701 1566 852 1634 quaesrtutn
867 1570 942 1629 quo-
984 1575 1128 1658 Αἰσχύλος.

183 1647 270 1705 modo
282 1646 443 1720 calamitas,
459 1666 516 1724 qua
529 1657 604 1704 terra
617 1646 837 1723 opprimeretur,
852 1641 944 1700 averti

184 1748 289 1816 posset.
304 1735 379 1794 Hinc
392 1753 561 1813 responsum
574 1733 695 1794 refertur
706 1733 769 1793 Laii
779 1731 944 1790 interfecto-

984 1690 1065 1779 [189]
1079 1678 1196 1789 lippfi',
1210 1695 1283 1786 ίρως
1297 1687 1333 1764 dl
1351 1685 1441 1764 τοῦδε
1460 1705 1606 1788 μυστικοῦ
1627 1695 1750 1772 τύλους.

183 1845 245 1883 rcm
256 1824 440 1903 quaerendum
450 1843 511 1882 esse
522 1842 663 1901 poeuaque
673 1820 945 1881 afficiendumTum
983 1814 1143 1874 Brunckius
1156 1815 1283 1875 correxit
1300 1811 1355 1896 fpp.
1370 1813 1448 1898 ἔρωτι
1465 1816 1549 1875 τοῦδε.

184 1912 307 1972 Tiresias
330 1925 409 1971 vates
432 1911 609 1984 consulitur,
633 1924 692 1969 turn
718 1909 847 1967 minister
870 1907 945 1982 Laii,

1023 1907 1163 1964 Praeterea
1194 1905 1356 1964 Eustratius
1396 1905 1427 1960 in
1449 1903 1550 1960 Ethica
1575 1899 1751 1958 Nicomaclr.

185 2003 236 2080 qui
249 2021 323 2060 unus
336 2021 371 2060 ex
386 2000 462 2059 caede
476 2001 639 2077 aufugerat,
654 2011 801 2079 postremo
813 1997 946 2076 OEdipus
985 1990 1145 2051 Aristotelis
1159 1996 1219 2065 111,
1244 2013 1260 2049 a
1282 1991 1447 2070 AEschylum
1472 1991 1503 2050 iu
1528 1990 1583 2050 lrac
1609 1988 1755 2068 tragoedia

185 2088 379 2168 cognoscitur,
398 2089 448 2168 qui
461 2088 514 2164 sit;
533 2089 641 2166 quippe
662 2088 713 2166 qui
736 2107 796 2145 non
815 2087 909 2145 solum
929 2106 946 2144 a
986 2081 1105 2158 mystica
1118 2079 1247 2160 quadam
1258 2083 1404 2162 evulgasse
1414 2079 1509 2140 tradit.

185 2178 256 2236 Laio
271 2178 338 2236 vitae
353 2177 495 2255 originem
508 2177 662 2255 acceperit,
676 2175 725 2235 sed
741 2176 826 2234 etiam
836 2187 946 2254 patrem

186 2265 330 2324 occideris

224 2360 370 2433 Perpauca
394 2353 553 2431 fragmenta
577 2365 698 2426 servata,
715 2351 764 2412 sed
790 2352 839 2411 illa
862 2353 946 2411 etiam

186 2444 269 2504 valde
282 2445 400 2502 incerta.
414 2443 536 2522 Scripsit
549 2443 625 2500 enim
646 2441 818 2501 Scholiastes
834 2441 946 2520 Sopho·

185 2533 237 2592 clis
258 2531 294 2591 ad
309 2532 383 2592 OEd.
400 2537 435 2592 tt.
449 2551 475 2591 ν.
498 2533 554 2604 733
567 2531 646 2590 ltaec:
662 2529 729 2612 Περί
744 2529 861 2591 Δαυλίδα
883 2529 948 2613 φησί

185 2620 233 2695 τὴν
250 2619 361 2702 σχιστλν
374 2619 441 2680 tiss.
455 2619 490 2680 Ὁ
503 2619 532 2680 δί
545 2619 677 2700 Αἰσχύλος
696 2618 757 2701 περί
776 2617 907 2688 Πυτνίοις·

1238 2185 1497 2349 tritis.

1026 2398 1199 2456 luveternvit
1221 2397 1381 2472 calamitas,
1406 2417 1492 2476 quam
1514 2387 1649 2476 OEdipus
1672 2395 1754 2455 filios

986 2499 1149 2545 exsecratus
1165 2487 1262 2565 generi
1281 2506 1333 2546 suo
1352 2486 1525 2564 imprecatus
1539 2498 1582 2545 est
1598 2483 1756 2564 cladesque

987 2573 1097 2632 cladem
1120 2576 1244 2654 excepit.
1270 2576 1427 2654 Imperium
1449 2573 1566 2633 urbisa
1590 2586 1673 2652 patre
1702 2593 1757 2632 ac-

988 2675 1103 2742 ceptum
1119 2665 1170 2723 filii
1187 2665 1270 2724 initio
1288 2666 1431 2742 integrum
1450 2663 1567 2722 alternis
1585 2661 1758 2722 habendum

187 2751 271 2839 [187]
289 2757 382 2824 Οὕτω
398 2745 547 2849 δ’ίπῇμιυ
566 2764 621 2849 γῆς
638 2757 740 2848 ὅρους,
754 2759 947 2849 τροχήλατον
988 2753 1207 2812 constituerunt.
1222 2757 1291 2812 Mox
1309 2752 1439 2814 Eteocles
1453 2753 1618 2830 Polyniccm
1633 2751 1758 2810 fratrem

187 2872 313 2953 σχιστῆς
329 2861 466 2928 κελεύθου
481 2853 615 2953 τρίοδον,
635 2861 703 2929 ἔνθα
714 2855 869 2953 συμύολᾶς

186 2974 277 3059 τριῶν
291 2967 433 3034 κιλεύθιυν
452 2959 634 3036 Ποτνισίθων
650 2962 825 3058 ἡμείύομεν.

988 2841 1108 2920 expulit.
1125 2841 1378 2920 OEdipusautem,
1395 2841 1491 2919 primo
1511 2839 1599 2900 domo
1614 2839 1758 2914 inclusus,
1825 2879 1826 2884 κ

988 2949 1057 2988 mox
1079 2943 1128 2988 aut
1151 2949 1201 2990 sua
1220 2942 1324 3010 sponte
1336 2942 1385 2988 aut
1398 2943 1515 2989 coactus
1529 2949 1545 2988 a
1559 2929 1625 2988 filiis
1635 2929 1758 3008 reliquit

989 3021 1122 3098 patriam,
1144 3020 1173 3078 in
1191 3040 1249 3099 qua
1265 3032 1376 3080 nonest
1395 3020 1421 3078 ei
1441 3021 1546 3094 honor,
1563 3019 1614 3097 qui
1628 3017 1757 3089 debuit,

187 3101 291 3183 (Versu
321 3123 333 3160 ι
363 3102 454 3162 codex
481 3101 584 3168 ούτως·
609 3103 710 3181 θοι-ᾖμεν
735 3105 783 3176 τῆς
813 3102 873 3162 ὁδοῦ
897 3101 949 3185 cp.)
988 3110 1114 3186 habitus,
1139 3110 1189 3170 sed
1210 3111 1284 3171 abiit
1305 3111 1353 3170 ille
1369 3111 1459 3170 iratus
1482 3110 1656 3190 gravissimis
1681 3109 1757 3168 diris

187 3195 232 3250 lta
250 3191 385 3269 exposuit
401 3191 547 3268 Olidipus,
570 3190 720 3268 quomodo
735 3192 841 3250 factum
857 3204 949 3266 esset,
989 3199 1062 3259 filios
1088 3200 1242 3261 devovens.
1265 3203 1331 3273 Quo
1356 3200 1522 3259 referuntur
1553 3219 1653 3259 versus
1676 3199 1757 3279 apud

188 3292 220 3337 ut
241 3298 338 3337 senem
358 3279 389 3336 in
417 3279 503 3338 trivio
528 3276 692 3351 occidisset,
716 3279 832 3356 ignarus
855 3280 949 3339 adhuc
989 3288 1179 3349 Scholiastam
1199 3288 1334 3367 Sophocl.
1360 3287 1395 3346 ad
1416 3287 1491 3347 OEd.
1512 3287 1694 3362 eot'1375,
1722 3308 1759 3347 ex

187 3367 288 3426 Laium
302 3367 382 3426 illum
399 3367 494 3426 fuisse.
507 3366 555 3426 Ab
566 3367 628 3426 aliis
643 3379 736 3427 tamen
756 3368 787 3428 hi
801 3389 900 3430 versus
913 3369 949 3431 ad
990 3379 1147 3437 Hermanni
1159 3378 1357 3438 emendatione
1369 3379 1408 3435 ita
1423 3377 1575 3455 concepti:

187 3456 327 3516 Glaucum
343 3457 527 3516 Potuicnsem
542 3457 714 3532 referuntur.
827 3466 832 3476 '

226 3548 337 3605 Iocasta
346 3567 404 3604 non
415 3558 526 3605 constat
541 3566 597 3626 qua
605 3547 950 3627 morteapudAEschylum

187 3634 765 3717 occubuerit30Edipusautemoculossibi
773 3639 856 3714 eruit,
863 3659 951 3718 genus

187 3724 950 3805 suumdevovit‚patriamquerelinquendamdecrevit.

189 3814 276 3887 Quod
287 3828 384 3874 utrum
398 3815 499 3875 fecerit
510 3835 547 3874 an
559 3814 716 3894 impeditus
729 3815 767 3874 sit
780 3836 796 3874 a
808 3816 872 3874 filiis
888 3835 951 3875 mc-

189 3903 288 3960 moriae
301 3923 360 3962 non
372 3917 414 3962 est
424 3903 581 3984 proditum.
592 3909 698 3962 Putant
720 3917 814 3963 tamen
827 3905 953 3965 historiae

189 3990 363 4049 illustrandae
389 3992 530 4050 inservire
561 4004 711 4070 quaesunt
739 3994 846 4071 scripta
874 3996 952 4073 apud

187 4080 353 4137 Athenaeum
364 4082 403 4152 X,
415 4099 444 4157 p.
456 4079 523 4148 465,
534 4083 568 4152 F,
580 4091 609 4137 et
618 4080 695 4158 apud
707 4080 802 4140 Schol.
817 4082 951 4161 Sophocl.

187 4165 312 4226 adOEd.
339 4165 401 4226 Col.
423 4167 507 4239 1375,
520 4179 550 4224 et
563 4167 658 4226 Schol.
681 4167 711 4225 in
725 4173 793 4246 Arg.
815 4169 851 4227 ad
872 4173 953 4250 Septa

187 4253 223 4311 ad
238 4251 345 4325 Theb„
359 4253 408 4330 qui
422 4253 568 4332 OEdipum
582 4254 666 4328 filios,
680 4256 759 4332 quod
773 4269 884 4334 patrem
897 4279 951 4318 cae-

187 4361 252 4401 cum
264 4342 290 4399 iv
304 4340 412 4424 οἰκίσκῳ
426 4343 604 4417 incluserint,
613 4341 762 4402 devovisse
775 4344 870 4404 tradit.
880 4350 953 4407 Sunt

526 4519 592 4570 tat.

1016 3477 1071 3556 let
1094 3479 1123 3553 θ’
1142 3493 1218 3580 ὁρῶν
1236 3486 1293 3583 γὰρ
1309 3480 1380 3572 ὀξὺ,
1399 3487 1450 3554 καὶ
1462 3485 1574 3578 τυρλύς
1592 3511 1662 3578 περ,
1679 3483 1730 3571 ἦν,

1017 3592 1120 3670 θυσίας
1140 3599 1169 3688 γ’
1189 3590 1331 3687 ἀπαρχὰς
1349 3593 1438 3688 γίροις
1451 3593 1624 3686 ἐπέμπομεν
1638 3591 1756 3684 πατρὶ,

1018 3699 1088 3786 βοὸς
1104 3701 1245 3793 περισσὸν
1265 3697 1369 3789 ὦμον,
1394 3699 1530 3792 ἔκκριτον
1548 3701 1648 3792 κρίας·

1017 3802 1032 3872 θ
1052 3797 1092 3880 δύ
1109 3832 1143 3899 γε
1160 3802 1367 3900 συγκύψαντες
1381 3807 1415 3873 οὐ
1432 3805 1636 3899 μεμνημένοι,

1016 3914 1115 3986 λήσειν
1131 3904 1303 3998 δοκοῦντες,
1316 3911 1501 3979 ἀντίκοπτον
1517 3910 1611 4004 ἰσχίον

1018 4014 1193 4111 ἐπέμψαμεν
1215 4019 1322 4102 βύειον,
1342 4023 1357 4086 d
1379 4009 1414 4085 di
1431 4014 1533 4085 λαθὼν
1553 4017 1619 4110 χερὶ

1018 4125 1093 4218 ἔγνω
1109 4127 1259 4218 ’σαρκίσας
1278 4118 1344 4192 τίτί
1362 4125 1391 4192 τ’
1408 4123 1534 4215 ίκθυμος
1552 4114 1649 4191 τάδε·
1688 4163 1697 4177 ·

1018 4228 1073 4308 Τίς
1092 4256 1144 4322 μοι
1157 4222 1227 4298 τύδ’
1242 4230 1307 4299 ἀντ’
1317 4233 1400 4324 ὤμου
1414 4230 1468 4297 ’σθ’
1486 4235 1502 4296 d
1519 4230 1649 4320 μισητὸν
1667 4232 1755 4323 κρίσις

1018 4337 1159 4428 πέμπωνς
1177 4338 1271 4431 γελων
1285 4325 1324 4411 θλ
1342 4333 1428 4428 τάμὰ
1440 4345 1599 4404 ποιοῦνται
1615 4335 1700 4428 κύροι

992 4517 1115 4588 Semper,
1127 4531 1297 4589 quamquam
1312 4527 1401 4573 cacus
1411 4521 1485 4584 erat,
1503 4521 1584 4572 acute
1596 4512 1716 4571 ridebat

187 4591 230 4647 lta
252 4587 447 4647 incedebamus
465 4586 501 4646 ad
521 4596 602 4646 maras
622 4588 704 4658 fines,
721 4590 790 4650 rotis
809 4593 948 4668 pulsatum
991 4594 1125 4654 sacrificii
1147 4593 1258 4668 quidun
1280 4592 1417 4668 primitias
1435 4592 1508 4650 dono
1531 4592 1602 4666 putri
1631 4591 1757 4649 mitteba-

186 4668 281 4728 dirisae
294 4669 346 4726 riae
360 4667 489 4736 trivium,
501 4667 548 4725 ubi
560 4683 710 4728 concursus

185 4747 271 4808 nium
284 4747 391 4806 riarum
406 4745 574 4806 Potniadum
584 4748 801 4822 prateribamus.

275 4905 432 4982 splendidis
440 4838 734 4982 fdgeuidlirmpudum
745 4909 826 4968 valet.

546 4999 611 5065 189.

991 4670 1068 4730 boris
1079 4671 1208 4730 eximium
1222 4671 1380 4741 humcmm,
1392 4671 1507 4729 electam
1519 4686 1641 4740 carnem,
1668 4675 1754 4740 lmus,

991 4768 1074 4826 quam
1092 4752 1190 4809 saltem
1216 4767 1303 4825 quum
1330 4749 1545 4808 concidisssmus
1564 4751 1754 4818 immemores,

991 4831 1050 4888 fore
1061 4839 1093 4888 ut
1103 4831 1199 4888 lateret
1208 4831 1272 4898 ruti,
1285 4838 1443 4904 turgentem
1454 4829 1630 4887 coxendiccm

993 4911 1119 4968 misimus
1128 4910 1266 4978 bovinam,
1277 4925 1361 4983 quam
1371 4909 1418 4967 ille
1433 4917 1667 4983 maouucceptam

991 5000 1019 5048 et
1031 5000 1228 5049 conuectatam
1241 4989 1369 5064 coguovit
1383 4997 1411 5047 et
1423 4988 1573 5047 iracundus
1587 4989 1648 5046 haec
1664 4986 1753 5046 dixit:

189 5061 354 5136 Perhorrui,
366 5065 415 5123 sed
432 5064 600 5125 desiderium
615 5068 699 5142 hujus
717 5069 840 5143 mysticae
860 5067 949 5125 initis·
992 5071 1061 5141 Quis
1079 5080 1121 5128 est
1145 5072 1193 5144 qui
1210 5067 1279 5127 mihi
1294 5070 1366 5128 hanc
1383 5069 1498 5128 inrisam
1514 5085 1626 5128 manem
1639 5085 1690 5143 pro
1704 5067 1754 5126 hu·

679 5147 763 5206 tionis
780 5148 948 5219 [meteret]
993 5149 1093 5207 mittit?
1112 5149 1233 5208 ludibrio
1245 5165 1290 5209 me
1304 5149 1409 5208 habent
1422 5149 1501 5224 puori
1515 5148 1579 5220 mei,
1669 5152 1755 5221 [mero
