3650 5798
162 443 221 498 ild

163 569 290 626 Fuerunt
300 559 351 639 qui
365 554 494 635 captivas
504 546 648 616 mulieres,
660 559 732 622 quas
745 535 871 599 Achilles
878 551 926 592 ce-

163 665 267 732 pisset,
292 646 498 724 intelligerent,
525 637 615 716 idque
639 630 843 691 concluserunt
866 623 924 682 sra-

162 751 279 818 gmento
291 781 299 811 ,
313 755 371 814 quo
385 732 494 808 Chryse
508 739 538 786 et
551 723 623 785 Cilla
637 718 747 799 oppida
760 731 926 774 memoran-

163 842 219 887 tur.
230 833 330 904 ltaque
340 843 373 882 ea
392 813 593 880 tantummodo
608 811 652 890 agi
671 806 844 874 indicarunt,
864 818 928 902 quar

164 929 260 976 essent
277 913 362 972 initio
375 907 489 978 Iliadis,
504 903 623 980 Chrysae
641 893 797 958 sacerdotis
818 900 928 968 repctt-

166 1003 272 1063 tionem
291 1001 355 1060 liliae
372 1011 400 1056 et
413 992 629 1056 altercationem
647 987 723 1045 inter
737 987 930 1061 Agamemno·

166 1113 231 1150 nem
244 1104 272 1150 et
284 1088 431 1150 Achillem.
450 1090 485 1142 At
499 1081 588 1140 multa
603 1088 669 1136 sunt
681 1093 745 1152 quae
759 1080 929 1149 argumento

166 1177 309 1258 ejusmodi
328 1197 386 1236 non
407 1171 593 1232 conveniunt.
607 1163 741 1242 Chryseis
760 1158 838 1240 apud
853 1161 929 1234 Aga-

166 1285 347 1326 memnonem
368 1263 442 1333 luit,
461 1279 520 1318 non
543 1253 703 1326 Achillem,
726 1267 821 1326 neque
843 1244 930 1322 hujus

167 1341 300 1414 mulieres
317 1353 439 1430 captivas
452 1344 599 1406 introduci
615 1348 792 1420 potuerunt,
807 1335 843 1394 de
857 1352 930 1412 qua-

167 1463 232 1502 rum
247 1443 362 1500 fortuna
374 1437 445 1498 nihil
458 1447 558 1494 uotum
571 1444 624 1504 est,
636 1447 731 1506 neque
741 1444 786 1483 res
796 1436 852 1494 est,
866 1441 930 1500 quae

168 1532 236 1590 satis
251 1529 347 1608 gravis
365 1526 452 1586 luerit
469 1535 520 1582 aut
536 1520 637 1580 idonea
657 1513 806 1595 tragoediae.
831 1516 931 1588 Neque

168 1619 247 1698 quod
259 1619 345 1676 sciam
358 1615 434 1675 ullus
448 1625 536 1693 poeta
548 1609 615 1682 fuit,
631 1607 681 1686 qui
695 1605 748 1664 illo
759 1612 929 1680 argumento

168 1705 204 1766 ad
226 1704 396 1784 tragaediam
420 1721 489 1761 usus
504 1711 588 1758 esset.
606 1695 752 1771 Quocirca
773 1691 870 1750 serior
887 1699 931 1748 est

169 1795 310 1856 Welcleri
318 1791 469 1862 sententia,
478 1789 527 1866 qui
537 1805 596 1846 rem
605 1795 671 1863 post
680 1775 931 1854 excidium'l'rojae

168 1895 261 1942 actam
286 1882 473 1960 captivasque
497 1873 638 1951 Trojanas
661 1869 842 1930 introductas
869 1885 931 1924 esse

168 1970 322 2029 existimat.
347 1968 486 2044 Pleraque
519 1977 613 2022 tamen
640 1970 708 2018 sunt
734 1955 930 2015 incertissima.

170 2057 353 2134 Compositus
363 2069 407 2114 est
418 2053 534 2132 quidem
549 2071 567 2108 a
579 2049 731 2109 Wetctero
744 2063 861 2122 magnus
874 2063 931 2100 nu-

170 2165 264 2204 merus
282 2162 470 2222 personarum
484 2139 594 2198 auxilio
605 2134 732 2196 Hecubae
749 2133 933 2191 etTroadum

168 2232 315 2311 Euripidis
326 2254 335 2305 ;
351 2242 380 2289 at
394 2242 461 2288 sunt
473 2226 551 2286 nulla
564 2225 680 2283 nomina
692 2221 862 2281 auctoritate
878 2221 931 2278 So·

169 2318 282 2396 phoclis
297 2318 464 2375 confirmata
482 2332 575 2391 neque
597 2312 756 2388 fragmenta
774 2307 931 2386 quidquam

170 2405 314 2474 indicant,
334 2425 393 2482 quo
411 2402 498 2462 ullam
513 2401 607 2459 lacere
626 2399 820 2476 conjecturam
836 2397 930 2454 liceat.

171 2493 256 2568 Quod
278 2506 375 2552 autem
401 2491 570 2551 Welclrerus
600 2488 744 2546 existimat
766 2484 932 2562 tragoediam

170 2600 232 2640 esse
242 2579 435 2639 Antenoridas
447 2575 629 2636 subsecatain
641 2619 649 2648 ,
664 2573 751 2651 idque
760 2569 932 2649 comprobat

170 2669 252 2740 loco,
265 2687 325 2746 quo
339 2666 436 2726 sabula
453 2667 482 2724 in
499 2674 669 2744 argumento
686 2661 780 2738 Ajacis
802 2678 930 2718 comme-

169 2767 281 2812 morata
293 2755 346 2827 sit,
360 2754 432 2813 hanc
447 2753 587 2812 rationem
601 2749 736 2829 equidem
756 2767 858 2806 vanam
870 2767 932 2806 esse

169 2841 313 2900 existimo.
327 2845 398 2899 Nam
412 2854 444 2899 ut
457 2841 506 2898 ille
516 2837 719 2918 grammaticus
729 2836 759 2894 in
773 2836 835 2894 aliis
848 2834 930 2893 ordi-

169 2949 234 2987 nem
246 2949 304 2987 non
317 2941 408 2997 tenet,
421 2930 461 2987 ita
475 2948 533 2986 non
547 2947 581 2984 ex
594 2925 733 2983 memoria
748 2924 817 2982 citat
829 2935 932 3000 tragm

169 3015 231 3075 dias
250 3036 321 3095 quas
338 3018 402 3092 ipse
417 3014 535 3092 legerit,
559 3013 629 3084 sed,
649 3025 681 3069 ut
704 3010 761 3070 alio
776 3011 842 3068 loco
855 3011 932 3070 dixi-

170 3125 251 3178 mus,
273 3127 309 3165 ex
334 3106 436 3163 ordine
455 3107 615 3164 litterarum
640 3101 811 3172 initiatum,
831 3102 881 3160 ubi
904 3125 931 3160 αι

171 3208 236 3253 ante
248 3216 261 3251 e
273 3194 398 3272 positum
414 3205 466 3252 est.

209 3286 240 3339 ln
263 3294 342 3340 tanta
364 3281 494 3339 omnium
511 3297 608 3337 rerum
626 3275 801 3335 obscuritate
822 3297 931 3356 perop-

170 3381 327 3449 portunum
357 3381 400 3429 est
429 3366 509 3446 quod
532 3366 666 3445 quaedam
697 3377 792 3422 tamen
818 3379 931 3426 serrata

169 3470 254 3530 sum,
274 3477 339 3536 quae
359 3457 484 3536 quodam
500 3468 584 3535 pacto
602 3454 675 3512 riam
692 3451 843 3512 ostendere
855 3465 884 3512 et
906 3455 931 3514 si

169 3547 264 3604 minus
278 3566 362 3616 rera,
376 3557 470 3604 tamen
488 3563 552 3622 quae
567 3543 625 3600 sint
641 3539 823 3620 probabilia,
845 3560 931 3601 mon-

168 3647 260 3693 strare
273 3635 392 3714 possint.
410 3633 541 3710 Hyginus
555 3631 631 3688 enim
647 3641 800 3708 postquam
815 3633 929 3707 Equum

167 3721 327 3799 Troianum
347 3720 551 3797 excidiumque
564 3723 660 3794 Trojae
673 3717 817 3794 exposuit,
833 3717 930 3778 sabula

168 3811 235 3868 ClX
244 3808 458 3866 haecmemoriae
468 3804 614 3885 prodidit:
628 3804 759 3862 «Priamo
769 3805 930 3881 Polydorus

168 3897 241 3954 filius
253 3916 289 3954 ex
303 3894 420 3954 Hecuba
433 3915 525 3974 quum
546 3905 629 3951 natus
641 3903 732 3965 esset,
752 3892 851 3950 Ilionae
865 3895 930 3954 [iliae

168 4003 226 4042 snae
237 3983 380 4042 dederunt
396 4003 463 4040 eum
476 3979 674 4052 educandum,
689 3999 753 4057 quae
770 3981 928 4057 Polymne-

167 4074 240 4132 stori
263 4073 325 4150 regi
349 4073 479 4131 Thraciae
499 4084 561 4130 erat
575 4083 685 4148 nupta,
699 4089 785 4146 quem
803 4069 851 4129 illa
874 4092 928 4150 pro

168 4162 227 4220 lilio
247 4179 302 4219 suo
315 4161 456 4218 educavit.
469 4158 637 4236 Deiphilnm
659 4171 771 4231 autem,
788 4178 873 4235 quem
892 4182 929 4220 ex

167 4250 382 4326 Polymnestore
391 4259 612 4324 procreaverat,
625 4265 679 4322 pro
691 4264 743 4301 suo
758 4245 845 4304 fratre
857 4247 928 4306 edu-

166 4339 253 4412 cavit,
268 4348 300 4394 ut
320 4336 345 4393 si
358 4335 442 4393 alteri
454 4353 554 4392 eorum
576 4332 644 4412 quid
661 4331 745 4404 soret,
761 4335 928 4410 parentibus

166 4436 324 4504 praestaret.
337 4423 392 4482 Sed
403 4417 493 4502 quuin
509 4421 613 4481 Achivi
622 4417 710 4496 Troja
721 4432 804 4496 capta
816 4423 927 4499 prolem

166 4511 270 4570 Priami
295 4510 454 4588 exstirpare
469 4509 592 4582 vellent,
608 4508 782 4582 Astyanacta
796 4511 927 4570 Hectoris

165 4611 195 4656 et
207 4597 418 4656 Andromachae
429 4595 563 4656 filiumde
576 4617 659 4654 muro
668 4596 835 4674 dejecerunt
849 4610 877 4655 et
891 4600 927 4658 ad

165 4686 383 4763 Polymnestore
397 4686 503 4764 legatos
517 4685 655 4744 miserunt
663 4727 674 4756 ,
696 4685 746 4764 qui
762 4685 788 4744 ei
805 4693 926 4762 Agame-

165 4774 279 4832 mnonis
295 4774 381 4832 liliam
395 4775 511 4833 nomine
525 4775 667 4833 Electram
678 4774 883 4853 pollicerentur
895 4775 924 4833 in

163 4861 330 4938 conjugium
344 4875 373 4920 et
385 4863 448 4920 auri
465 4855 595 4939 maguam
610 4862 741 4940 copiam,
755 4862 779 4920 si
798 4860 925 4938 Polydo-

165 4968 230 5006 rum
253 4950 358 5007 Priami
388 4950 477 5009 lilium
506 4951 703 5010 interfecisset.
727 4951 926 5026 Polymnestor

165 5036 323 5112 legatorum
339 5037 416 5095 dicta
432 5058 492 5096 non
513 5039 689 5116 repudiavit,
703 5039 926 5117 Deiphilumque

166 5123 255 5181 hlium
265 5124 526 5204 suunimprudeus
537 5127 652 5202 occidit,
667 5125 809 5187 arbitrans
825 5133 925 5188 scPo·

166 5210 306 5290 lydorrrm
321 5213 410 5272 lilium
437 5215 542 5273 Priami
556 5215 741 5278 interfecisse.
762 5215 924 5297 Polydorus

701 403 911 474 sorfloctts
930 397 1184 464 taunucum.

980 539 1077 586 autem
1091 527 1128 586 ad
1140 527 1288 588 oraculum
1300 531 1445 610 Apollinis
1456 529 1494 592 de
1507 527 1684 602 parentibus
1694 549 1751 590 stus

980 615 1156 676 sciscitatum
1179 628 1223 675 est
1248 617 1408 696 proiectus.
1429 619 1483 678 Cui
1508 637 1688 697 responsum
1711 632 1752 678 cst
1818 685 1819 688 Ἴ

980 707 1104 784 patriam
1115 707 1276 779 incensam,
1290 721 1401 786 patrem
1418 710 1566 780 occisum,
1585 721 1711 767 matrem
1724 709 1753 768 in
1818 759 1819 768 ,

980 797 1120 856 servitute
1130 797 1336 871 teneriQuum
1349 798 1416 858 inde
1424 799 1533 858 rediret
1543 813 1573 857 et
1584 799 1665 858 vidit
1672 800 1754 860 aliter

980 905 1041 944 esse
1059 907 1092 944 ac
1108 885 1165 944 sibi
1182 905 1354 967 responsum
1376 889 1446 962 luit,
1464 908 1496 948 se
1518 889 1754 966 Polymnestoris

980 991 1042 1032 esse
1056 974 1161 1046 filium,
1179 972 1216 1032 ab
1232 993 1334 1034 sorore
1348 977 1458 1035 Ilionea
1480 977 1659 1054 inquisivit,
1685 976 1756 1054 quid

982 1061 1022 1120 ita
1033 1061 1117 1120 aliter
1135 1074 1226 1120 sortes
1239 1062 1404 1124 dixissent?
1416 1065 1470 1123 Cui
1482 1084 1584 1139 soror,
1602 1064 1682 1142 quid
1693 1067 1754 1124 ueri

981 1163 1076 1227 esset,
1090 1151 1227 1228 patefecit
1241 1162 1270 1208 et
1284 1150 1346 1230 ejus
1362 1153 1486 1211 consilio
1501 1154 1757 1230 Polymnestorem
1818 1149 1819 1152 ’

982 1238 1140 1297 luminibus
1149 1239 1277 1317 privavit
1286 1252 1375 1318 atque
1388 1241 1568 1300 interiecit.»
1582 1245 1657 1300 Haec
1665 1240 1758 1318 Hygi-

983 1347 1056 1401 nus3
1080 1347 1204 1405 quorum
1225 1341 1259 1386 ut
1277 1329 1357 1388 locus
1377 1330 1458 1408 ipse,
1476 1349 1536 1408 quo
1552 1349 1589 1387 ea
1606 1331 1759 1403 narrarit,

982 1417 1066 1474 valde
1079 1416 1271 1476 memorabilis
1282 1429 1325 1475 est
1335 1461 1345 1492 ,
1356 1418 1396 1476 ita
1408 1418 1525 1476 maximi
1537 1417 1687 1476 momenti
1700 1436 1760 1476 esse

984 1503 1132 1577 rideatur,
1153 1503 1233 1582 quod
1255 1506 1387 1584 Hyginus
1408 1505 1457 1564 illa
1472 1505 1509 1564 ab
1527 1505 1679 1583 Euripide
1702 1525 1758 1564 non
1818 1529 1819 1552 t

982 1593 1110 1670 accepit,
1125 1593 1175 1670 qui
1198 1593 1336 1672 pleraque
1349 1594 1379 1651 in
1395 1593 1516 1652 Hecuba
1537 1607 1567 1652 et
1589 1593 1758 1652 Troadibus
1818 1591 1819 1596 ’

983 1682 1066 1740 aliter
1080 1683 1222 1760 exposuit.
1235 1685 1300 1740 Non
1314 1681 1404 1760 igitur
1416 1679 1591 1738 incredibile
1615 1693 1664 1738 est
1679 1701 1753 1757 qum

984 1769 1048 1826 dam
1059 1769 1159 1826 saltem
1170 1788 1231 1828 esse
1245 1789 1262 1828 a
1274 1768 1420 1848 Sophocle
1430 1769 1563 1846 repetita,
1576 1787 1756 1846 quamquam
1818 1825 1819 1828 ,

984 1877 1042 1916 non
1056 1856 1178 1916 dixerim
1192 1858 1288 1916 ornnia
1306 1877 1367 1916 esse
1379 1877 1437 1915 una
1456 1856 1598 1935 tragoedia
1614 1860 1756 1935 exposita.
1818 1881 1819 1884 ¹

984 1947 1049 2005 Puit
1063 1947 1138 2004 enim
1155 1946 1246 2005 lliona
1257 1945 1377 2006 Pacuvii
1390 1958 1420 2004 et
1436 1945 1556 2004 sortasse
1570 1946 1665 2003 etiam
1680 1948 1755 2004 Attii.

986 2035 1036 2093 Est
1049 2054 1118 2094 vero
1133 2033 1263 2112 quaedam
1274 2034 1423 2094 consensio
1437 2053 1544 2106 rerum,
1559 2033 1647 2111 quod
1661 2035 1754 2092 omnia

984 2143 1048 2200 quae
1063 2134 1229 2193 narrantur,
1242 2123 1280 2182 ad
1294 2122 1413 2182 domum
1429 2123 1537 2182 Priami
1562 2122 1754 2200 exstinguen-

985 2213 1049 2270 dam
1066 2212 1222 2290 pertinent.
1240 2215 1321 2270 Inter
1338 2210 1436 2269 omnia
1456 2211 1583 2268 maxime
1605 2211 1755 2281 eminent,

984 2319 1049 2376 quae
1060 2299 1098 2358 de
1111 2305 1286 2378 Astyanacte
1297 2298 1406 2379 scripta
1417 2311 1484 2357 sunt
1496 2321 1504 2356 :
1518 2324 1531 2351 α
1544 2318 1638 2378 quum
1653 2299 1755 2357 Achivi

984 2387 1095 2466 prolem
1112 2389 1218 2447 Priami
1242 2389 1404 2468 exstirpare
1427 2387 1554 2460 vellent,
1575 2393 1756 2464 Astyanacta

985 2475 1021 2534 de
1034 2497 1117 2536 muro
1129 2475 1304 2554 dejecerunt.
1316 2503 1328 2530 ι
1344 2481 1407 2536 Hoc
1421 2477 1593 2554 praeclarum
1611 2475 1759 2553 tragedia

984 2577 1187 2644 argumentum
1209 2565 1265 2624 suit
1279 2577 1309 2624 et
1327 2562 1517 2642 peridoneum
1533 2567 1758 2625 commovendis

984 2652 1149 2713 auditorum
1171 2654 1284 2716 animis.
1307 2652 1425 2711 Accedit
1443 2652 1523 2729 quod
1548 2667 1758 2732 argumentum

984 2744 1128 2822 quandam
1136 2744 1356 2804 similitudinem
1367 2763 1432 2802 cum
1442 2742 1631 2801 Antenoridis
1642 2746 1756 2821 prodit.

984 2839 1018 2893 ln
1030 2834 1078 2892 illa
1088 2833 1163 2892 enim
1177 2831 1324 2912 tragoedia,
1338 2846 1370 2892 ut
1380 2853 1434 2891 nos
1445 2832 1649 2910 exposuimus,
1661 2835 1757 2891 Graeci

984 2921 1126 2980 cavebant
1140 2941 1177 2980 ne
1189 2922 1254 3000 quis
1266 2921 1478 3001 Trojanorum,
1494 2921 1546 2998 qui
1556 2939 1668 2979 nocere
1679 2927 1757 2980 Grae·

984 3011 1025 3069 cis
1046 3011 1240 3089 inposterum
1264 3022 1314 3068 aut
1328 3022 1425 3088 posset
1443 3021 1495 3068 ant
1506 3008 1612 3079 vellet,
1632 3008 1666 3067 in
1687 3031 1757 3088 agro

985 3097 1112 3176 Trojano
1128 3111 1311 3170 remanerem
1327 3097 1356 3154 in
1374 3097 1465 3155 altera
1478 3107 1574 3154 autem
1597 3097 1756 3173 tragoedia,

984 3187 1122 3264 Captivis,
1132 3183 1326 3266 providebant
1338 3204 1375 3243 ne
1388 3185 1452 3264 quis
1461 3185 1548 3260 regiae
1558 3183 1663 3262 stirpis
1671 3199 1754 3257 esset,

984 3277 1034 3354 qui
1046 3277 1183 3334 ultionem
1199 3294 1253 3352 pro
1266 3274 1357 3352 patria
1369 3293 1469 3331 eversa
1481 3271 1640 3349 aliquando
1653 3293 1671 3330 a
1681 3277 1754 3332 Grm

984 3367 1025 3423 cis
1035 3364 1149 3441 exigere
1161 3360 1288 3421 deberet.
1299 3361 1433 3439 Denique
1445 3361 1470 3418 si
1481 3373 1690 3438 argumentum
1704 3375 1754 3419 tra·
1818 3369 1819 3424 ἶ

983 3453 1083 3532 goediae
1097 3453 1152 3510 suit
1164 3451 1241 3529 quod
1258 3451 1391 3522 diximus,
1405 3449 1548 3508 sententia
1566 3463 1671 3508 nostra
1685 3451 1753 3508 Attii

984 3543 1158 3602 auctoritate
1171 3539 1353 3611 defenditur,
1367 3538 1451 3615 cujus
1467 3537 1565 3596 fabula
1581 3537 1641 3595 luit
1654 3545 1753 3616 Astya-
1818 3553 1819 3556 ’

983 3650 1049 3703 nax,
1065 3647 1159 3705 neque
1178 3627 1293 3686 videtur
1308 3627 1358 3685 ille
1370 3645 1422 3684 sua
1437 3624 1474 3683 ab
1489 3625 1547 3682 alio
1562 3637 1656 3703 poeta
1671 3627 1752 3686 nisia
1818 3623 1819 3698 ζ

982 3718 1126 3796 Sophocle
1136 3716 1290 3794 accepisse.
1301 3714 1398 3774 Choro
1408 3725 1504 3772 autem
1518 3726 1637 3771 remoto
1650 3733 1751 3772 nomen

982 3805 1129 3864 immutari
1145 3823 1260 3862 necesse
1274 3803 1337 3861 luit.

1021 3893 1187 3953 Necessaria
1205 3911 1329 3969 persona
1344 3889 1490 3968 tragoediae
1514 3889 1570 3947 luit
1590 3889 1749 3948 Androma·
1818 3943 1819 3960 ,

982 3981 1054 4055 cha,
1077 3981 1198 4039 sortasse
1214 3976 1352 4050 Hecuba,
1374 3977 1548 4054 Talthybius
1564 3997 1676 4056 praeco,
1702 3979 1750 4036 de·
1818 3969 1819 3972 ¹

982 4069 1050 4127 inde
1064 4069 1183 4141 Ulixes,
1196 4067 1247 4145 qui
1261 4067 1388 4125 omnium
1401 4067 1524 4124 maxime
1551 4065 1747 4135 annitebatur,

982 4171 1015 4216 ut
1029 4164 1175 4234 Astyanax
1190 4155 1389 4233 perimeretur.
1404 4159 1504 4232 Neque
1518 4153 1696 4213 incredibile
1710 4170 1747 4212 est

981 4247 1067 4305 etiam
1081 4245 1318 4322 Neoptolemum,
1333 4243 1383 4320 qui
1400 4246 1575 4320 Astyanacta
1588 4243 1748 4311 interiecit,

979 4332 1178 4393 introductum
1199 4332 1308 4406 luisse,
1331 4331 1378 4390 cui
1402 4351 1477 4390 unus
1500 4349 1604 4390 versus
1628 4331 1747 4390 sortasse
1818 4385 1819 4406 ,

981 4422 1169 4482 vindicandus
1189 4431 1241 4479 est.
1267 4419 1381 4479 Chorus
1404 4420 1459 4478 luit
1483 4419 1690 4496 captivarum,
1717 4433 1744 4476 ut
1818 4447 1819 4482 3

981 4533 1086 4570 nomen
1106 4507 1307 4590 Αἷχμαλωτίδες
1323 4509 1417 4567 docet.
1429 4511 1490 4567 Has
1501 4505 1648 4584 Trojanas
1660 4507 1745 4564 luisse
1818 4539 1819 4550 .

981 4601 1060 4658 locus
1080 4598 1217 4675 Hesychii
1240 4595 1342 4670 docet,
1368 4597 1448 4674 quod
1475 4595 1602 4654 barbaro
1627 4596 1743 4653 nomine
1818 4595 1819 4606 .

980 4693 1097 4746 Graecos
1117 4686 1264 4764 appellant
1285 4682 1549 4764 ;[155]«Ἰονναυ
1572 4683 1599 4741 ἓν
1622 4681 1672 4760 μὲν
1693 4684 1741 4742 At·
1818 4727 1819 4760 3

979 4773 1130 4856 χμαλωτίσι
1151 4771 1313 4855 Σοφοκλέους
1340 4771 1471 4831 ἀπέδοσαν
1495 4768 1664 4844 Ἑλληνική·
1688 4771 1741 4828 ἐπεὶ
1818 4775 1819 4794 ’

978 4863 1083 4930 'larvas
1096 4859 1154 4926 τοὺς
1167 4860 1302 4934 Ἕλληνας
1313 4858 1444 4939 λέγουσιν.
1818 4927 1819 4950 ¹

1018 4957 1062 5011 De
1075 4949 1286 5028 compositione
1296 4949 1367 5009 nihil
1381 4960 1482 5008 uotum
1493 4959 1546 5008 cst.
1560 4945 1686 5011 Videtur
1700 4959 1737 5004 ta-
1818 4953 1819 4956 ’

978 5059 1043 5098 men
1058 5039 1142 5096 initio
1162 5050 1279 5116 apoeta
1296 5037 1460 5116 expositum
1478 5055 1540 5095 esse
1558 5055 1617 5110 non
1640 5054 1736 5094 omncs

978 5132 1095 5188 Graecos
1115 5125 1292 5186 consensisse
1314 5126 1345 5184 in
1367 5123 1526 5183 occidendo
1545 5127 1734 5198 Astyanacte,
1818 5123 1819 5130 ’

977 5216 1201 5296 Neoptolemum
1216 5227 1310 5274 autem
1319 5212 1392 5273 illud
1403 5211 1572 5292 postulasse.
1584 5213 1649 5270 Huc
1663 5210 1732 5270 rese·
