3650 5798
609 375 817 438 SOPHOCLIS
836 374 1088 440 FRAGMENTA.
1577 407 1634 458 ass

51 501 181 562 diversae
206 505 352 582 nagoediae
375 525 411 565 an
433 503 562 586 ejusdem
596 505 741 585 tragediae
765 505 824 564 duo
875 499 962 564 initio
980 509 1070 567 multa
1089 511 1163 570 mala
1181 511 1211 570 in
1229 518 1344 576 Graecos
1366 515 1557 596 pervenirent.
1576 529 1636 585 De-

53 592 187 650 nomina.
205 593 349 653 Credibile
370 606 467 655 tamen
483 608 525 654 est
541 593 666 673 σύλλογον
679 595 824 654 diversum
875 593 943 653 inde
964 593 1019 655 hac
1047 617 1164 677 quoque
1194 603 1306 664 ratione
1330 609 1487 686 Sophocles
1516 612 1636 675 fortasse

52 681 175 742 fuisses
189 683 343 766 συνδείπνῳ.
363 689 402 744 At
423 685 447 744 si
463 686 583 745 daversae
598 684 744 763 tragoediae
759 685 823 744 fue·
875 682 960 740 etiam
987 687 1132 764 explicare
1155 695 1260 767 potuit,
1275 714 1333 770 quo
1349 695 1434 754 modo
1453 699 1532 760 lieret
1556 705 1634 766 utin

53 783 138 844 runt,
153 770 237 831 valde
248 774 389 832 incertum
404 787 456 848 est,
469 794 526 852 quo
540 775 571 832 in
585 775 650 832 loco
666 787 824 833 conventus

53 859 237 936 Argivorum
258 862 349 922 factus
372 863 417 922 sit.
443 867 516 922 Sunt
538 864 589 942 qui
611 876 693 942 rapta
715 865 822 924 Helena

53 945 125 1004 illos
143 967 160 1005 a
176 949 329 1026 Tyndareo
347 951 580 1010 Lacedaemonem
600 963 735 1010 evocatos
757 972 823 1030 per·

54 1032 189 1109 hibeant,
203 1049 236 1094 ut
248 1039 322 1096 inter
336 1058 366 1098 se
378 1040 586 1112 consultarent,
605 1039 750 1118 quomodo
769 1044 824 1100 He-

55 1122 157 1181 lenam
168 1139 381 1203 recuperarent.
391 1131 460 1187 Haec
470 1129 611 1187 sententia
624 1147 694 1188 vero
702 1148 719 1186 a
728 1143 823 1187 vetere

56 1207 223 1270 fabularum
249 1215 387 1274 memoria
407 1236 536 1295 prorsus
568 1215 705 1275 abhorret
730 1237 823 1296 neque

56 1296 222 1376 quidquam
236 1302 399 1381 accepimus
414 1303 449 1362 de
460 1302 600 1381 ejusmodi
612 1317 766 1377 conventu,
778 1325 824 1364 ne

54 1404 119 1462 que
131 1387 184 1445 fuit
200 1388 313 1448 illorum
331 1391 480 1450 hominum
503 1395 674 1466 consultare,
694 1393 745 1452 ubi
762 1407 823 1452 sta-

56 1472 114 1532 tim
142 1477 282 1553 agendum
305 1479 370 1538 fuit.
393 1483 496 1558 Neque
513 1481 572 1540 ulla
595 1481 651 1540 fuit
670 1480 822 1560 dubitatio,

54 1561 132 1638 quin
153 1565 263 1624 Helena
285 1567 371 1626 armis
396 1581 471 1627 esset
488 1568 657 1648 repetenda,
681 1582 713 1627 ut
733 1590 822 1630 unus-

54 1649 182 1728 quisque
199 1651 314 1731 ineptus
335 1653 421 1715 fuerit
435 1669 464 1714 et
478 1655 630 1730 absurdus,
644 1656 693 1734 qui
708 1659 824 1734 consul-

55 1737 137 1811 tarit,
149 1752 303 1819 antequam
314 1743 410 1802 classis
428 1756 501 1803 esset
520 1757 698 1823 congregata
715 1744 822 1804 Haberi

54 1826 158 1904 potuit
171 1827 232 1888 lraee
246 1831 347 1889 concio
365 1831 470 1891 Aulide
491 1856 497 1891 :
517 1852 617 1893 verum
633 1854 669 1892 ne
683 1834 738 1892 boc
755 1835 822 1912 qui·

54 1911 127 1971 dem
154 1913 319 1995 fragmentis
345 1920 488 1980 conuenit.
516 1926 618 2000 Itaque
643 1922 703 1980 sola
728 1921 821 1982 insula

54 2001 192 2062 Tenedos
211 2021 349 2079 remanet,
369 2007 470 2088 ibique
490 2012 649 2069 necessario
668 2014 823 2072 convenie-

54 2089 239 2168 bantduces,
255 2095 395 2173 quianon
419 2098 480 2156 sine
505 2097 636 2158 molestia
650 2097 821 2180 iacturaque

55 2199 90 2238 se
104 2199 166 2238 esse
178 2181 214 2240 ad
228 2195 334 2242 terram
348 2185 502 2265 Trojanam
515 2187 686 2266 appulsuros
705 2193 821 2250 oraculo

54 2267 156 2326 edocti
171 2284 263 2330 eraut.
395 2333 398 2338 ,

98 2361 310 2436 Argumentum
324 2361 449 2421 illustrat
459 2363 578 2422 Proclus
590 2387 598 2422 ι
612 2363 727 2425 Ἔπειτα
739 2391 822 2426 κατα-

54 2442 182 2504 πλέουσιν
197 2450 233 2514 είς
246 2447 356 2510 Τένεδον
370 2447 415 2508 καί
434 2452 619 2533 εὐωχουμένων
635 2457 719 2514 αὐτῶν
736 2456 822 2516 Φιλο-

55 2530 159 2606 κτῆτης
182 2533 226 2619 ὑφ’
250 2534 327 2618 ὕδρου
355 2538 465 2619 πληγεὶς
488 2541 531 2603 διδι
553 2541 600 2614 τὴν
625 2541 768 2620 δυσοσμίαν
794 2546 820 2603 ἓν

55 2621 162 2705 Λήμνῳ
184 2625 339 2709 κατελείφθη
365 2627 409 2687 καί
432 2626 563 2708 Ἀχιλλεὺς
588 2629 694 2712 ὕστερον
718 2631 822 2705 κληθεὶς

56 2709 211 2792 διαφέρεται
228 2709 413 2792 Ἀγαμέμνονι.
429 2715 541 2790 Quibus
554 2717 632 2777 addit
651 2724 692 2778 W
693 2720 820 2807 siclaetus

58 2817 97 2856 ex
112 2803 241 2858 Monam.
255 2803 371 2862 Hercul.
386 2803 501 2864 Volunt.
513 2810 543 2866 P.
559 2811 574 2865 l
591 2807 706 2884 (Oxouii
721 2809 817 2888 1824),

57 2903 89 2962 p.
102 2883 136 2942 51
148 2909 155 2944 :
167 2885 425 2971 (π)ριραπεμφδε’ντες
434 2891 484 2952 ὑπό
494 2891 581 2971 (clivos
589 2891 821 2977 ἑστιῶντοςιίνσπερ

57 2973 222 3055 Σοφοκλέους
242 2975 376 3057 Ἀχιλλεὺς
392 2978 462 3038 rasel
476 3003 502 3040 τι
515 2985 617 3042 τοιοῦτο
637 2983 817 3065 παρυλιγωρη-

57 3061 155 3138 θέντες,
169 3063 242 3122 οὔπω
255 3064 476 3147 παραδιοιηθέντες
488 3090 514 3128 κ.
526 3093 551 3128 τ.
560 3072 586 3129 λ.
596 3075 669 3131 Sunt
683 3072 743 3130 haec
753 3092 821 3150 per-

56 3150 195 3225 obscura3
208 3152 314 3230 quibus
328 3154 448 3216 fortasse
459 3157 509 3216 lux
522 3158 649 3236 quaedam
661 3160 821 3221 affunditur

57 3237 125 3296 loeo
141 3241 306 3300 Aristotelis
320 3243 405 3303 Rbet.
418 3248 457 3318 11,
476 3247 534 3304 ali:
549 3245 585 3306 El
595 3270 635 3314 τις
648 3245 713 3328 φαίη
731 3249 761 3308 rb
776 3249 820 3308 tat

55 3325 162 3384 deinter
176 3327 306 3401 κληθῆναι
319 3328 485 3407 τιμιώτατον·
502 3330 543 3391 διὰ
557 3333 608 3416 γὰρ
621 3333 651 3393 τδ
665 3335 793 3409 κληθῆναι
807 3343 821 3398 ὁ

56 3412 196 3494 Ἀχιλλεὺς
218 3415 326 3495 ἐμήνισε
349 3415 401 3485 sbi<
411 3419 536 3500 ⁴’queuuic
553 3425 579 3482 ἐν
591 3421 706 3506 Τενέδῳ·
721 3428 735 3483 δ
749 3425 772 3485 δ’
786 3429 820 3494 ὡς

55 3503 249 3584 ἀτιμαζόμενος
270 3505 387 3584 ἐμήνισε·
409 3509 505 3583 ουνέὸη
527 3511 554 3570 δὲ
574 3513 711 3572 aebroini
728 3517 819 3596 τῷμὴ

53 3593 196 3666 κληθῆναι.
213 3595 362 3656 Nescimus
381 3597 451 3674 quid
465 3599 562 3673 fuerit,
577 3621 630 3661 carr
642 3603 768 3662 Achilles
784 3607 820 3664 ad

53 3683 222 3742 convivium
237 3704 297 3742 non
315 3685 493 3747 invitaretur.
516 3692 622 3748 Verum
645 3703 731 3767 poeta
748 3693 820 3752 illud

54 3771 171 3851 egregie
190 3786 367 3832 commentus
381 3774 495 3834 videtur
512 3795 548 3834 ex
570 3778 686 3858 ingenio
705 3782 821 3842 Achillis

53 3859 178 3939 ipsaque
196 3862 308 3920 radone
323 3861 401 3922 belli.
423 3863 475 3922 Ille
496 3866 571 3924 enim
594 3887 689 3945 neque
710 3869 820 3930 bonore

53 3948 192 4027 cuiquam
217 3949 311 4009 volarit
333 3971 396 4010 esse
415 3952 535 4012 inferior
557 3954 744 4035 turbavitque
768 3978 820 4037 per

53 4035 145 4095 animi
159 4036 358 4115 impotentiam
371 4039 419 4098 illa
433 4041 504 4120 ipsa,
519 4063 583 4121 quae
595 4044 674 4102 omni
684 4065 725 4104 ex
738 4059 819 4124 parte

53 4136 122 4182 ante
135 4121 244 4183 bellum
266 4126 472 4204 perpendenda
487 4143 582 4205 erant,
602 4130 638 4188 ab
657 4131 741 4192 initio
764 4132 819 4191 boc

875 771 1047 848 appellendo
1061 779 1233 839 Protesilaus
1248 783 1435 845 occideretur.

914 863 993 918 Inter
1006 881 1143 940 personas
1162 869 1264 928 Ulixes
1285 872 1354 940 fuit,
1368 873 1449 951 cujus
1471 878 1636 956 eloquentia

875 949 986 1030 egregie
1001 950 1121 1012 fortasse
1134 956 1237 1015 enituit
1248 959 1276 1016 in
1291 963 1501 1023 reconciliando
1516 968 1635 1027 Achille.

875 1040 976 1114 Neque
1002 1037 1192 1102 dubitandum
1214 1059 1257 1104 est
1295 1050 1366 1125 quin
1389 1057 1583 1130 Agamemnon
1607 1070 1636 1114 et

875 1125 1021 1184 Menelaus
1036 1127 1111 1188 inter
1130 1133 1277 1210 graviores
1298 1156 1437 1215 personas
1460 1140 1575 1202 fuerint.
1593 1150 1636 1204 De

874 1212 962 1272 choro
973 1216 1045 1275 nibil
1059 1219 1130 1279 certi
1150 1221 1208 1281 dici
1222 1237 1326 1301 potest.
1342 1229 1414 1284 Sunt
1428 1230 1477 1306 qui
1491 1232 1635 1292 Tenedios

874 1299 1053 1363 introductos
1073 1320 1182 1384 putent,
1197 1311 1246 1369 alii
1257 1312 1393 1372 Achivos.
1410 1319 1474 1374 Hoc
1498 1333 1635 1397 praestare

874 1387 998 1466 videtur,
1018 1393 1086 1470 quia
1109 1397 1242 1474 Tenediis
1262 1399 1334 1458 nibil
1355 1402 1411 1460 fuit
1431 1423 1495 1462 curn
1512 1411 1635 1481 Graecis3

874 1475 997 1536 militum
1023 1492 1117 1540 autem
1149 1487 1361 1560 quammaxime
1389 1489 1519 1551 interfuit
1548 1494 1634 1556 daces

872 1561 948 1623 inter
961 1565 1039 1645 ipsos
1051 1572 1240 1632 reconciliari.

912 1655 1081 1734 Fragmenta
1094 1671 1127 1718 ut
1139 1674 1207 1720 sunt
1225 1683 1384 1742 perpauca,
1406 1666 1445 1726 ita
1464 1689 1499 1729 ex
1522 1671 1557 1730 iis
1576 1694 1634 1734 non

874 1741 964 1801 multa
976 1744 1011 1802 de
1026 1746 1171 1826 tragoediae
1191 1753 1401 1831 compositione
1417 1756 1481 1815 elici
1503 1775 1634 1837 possunt.

873 1829 995 1890 Videtur
1008 1845 1102 1894 tamen
1116 1836 1201 1896 initio
1220 1841 1383 1918 expositum
1399 1864 1469 1918 esse,
1485 1851 1633 1924 quomodo

873 1920 965 1978 Graeci
986 1921 1018 1980 in
1038 1923 1205 1984 concionem
1222 1919 1315 1986 vocali
1337 1930 1394 1989 sint
1410 1931 1493 2009 jussu
1510 1939 1635 2014 Agame-

873 2008 996 2070 mnonis.
1021 2011 1134 2084 Quibus
1158 2034 1248 2092 quum
1270 2017 1398 2078 Achilles
1426 2027 1635 2100 Agamemnoni

872 2095 971 2170 iratus,
992 2099 1072 2176 quod
1093 2102 1129 2160 ad
1153 2105 1318 2163 convivium
1338 2121 1457 2167 vocatus
1480 2131 1539 2170 non
1563 2128 1635 2189 erat,

872 2205 931 2244 non
944 2185 1103 2262 interesset,
1116 2203 1165 2249 aut
1180 2198 1376 2269 Agamemnon
1389 2211 1439 2255 aut
1452 2199 1551 2260 Ulixes
1563 2203 1635 2261 illud

873 2273 1007 2334 omnibus
1023 2277 1200 2339 innotescere
1212 2282 1337 2342 voluisse
1350 2283 1473 2344 videtur.
1488 2293 1532 2348 lta
1547 2291 1634 2350 alter-

871 2372 937 2418 uter
957 2381 1012 2439 pro
1035 2365 1174 2424 concione
1188 2371 1334 2446 poposcit,
1351 2384 1383 2431 ut
1394 2374 1511 2435 nomina
1523 2396 1634 2452 eorum,

872 2449 922 2524 qui
945 2449 1002 2508 fide
1026 2450 1093 2511 data
1115 2445 1151 2512 se'
1171 2455 1202 2513 in
1226 2454 1332 2516 bellum
1366 2463 1548 2538 profecturos
1573 2488 1634 2526 esse

872 2549 952 2595 erant
962 2537 1093 2613 polliciti,
1104 2541 1302 2604 recitarentur.
1310 2545 1384 2605 Illud
1397 2549 1524 2610 indicant
1534 2573 1634 2614 versus

872 2623 948 2702 apud
961 2625 1050 2686 schol.
1062 2628 1144 2688 Pind.
1156 2630 1256 2690 lstbm.
1270 2638 1306 2708 11,
1318 2635 1355 2692 68
1367 2658 1374 2693 :

871 2765 933 2850 [37]
950 2763 990 2832 Σὺ
1002 2757 1032 2833 δ’
1044 2767 1073 2833 έν
1085 2766 1214 2863 θρόνοισι
1223 2773 1413 2866 γραμμάτων
1425 2778 1546 2871 πτυχὰς
1557 2781 1632 2874 ἔχων

949 2882 1012 2972 νέμ’
1028 2877 1112 2961 εἴτις
1127 2887 1161 2950 οὐ
1179 2885 1323 2979 παίρεστιν
1341 2887 1372 2968 ὃς
1389 2884 1567 2984 ξυνώμοσαν.

871 3022 943 3082 Cod.
963 3021 1030 3104 ἔχων
1047 3024 1197 3106 ἀπόνειμον,
1218 3042 1246 3089 et
1269 3031 1373 3093 deiude
1393 3029 1467 3116 νέμει
1480 3062 1519 3106 τις
1532 3039 1561 3099 αὖ
1581 3041 1634 3101 παί-

872 3133 943 3193 ρεοτι
954 3112 992 3181 τίς
1006 3111 1029 3182 ξ.
1044 3115 1182 3193 Bergkius
1194 3122 1328 3180 correxit.

910 3205 1033 3262 Prorsus
1049 3204 1214 3282 ignoratur,
1237 3212 1386 3286 quomodo
1400 3227 1485 3290 poeta
1506 3217 1635 3278 effecerit

872 3304 903 3350 ut
914 3293 1040 3362 Achilles
1054 3315 1118 3353 cum
1131 3298 1250 3376 reliquis
1270 3299 1393 3360 ducibus
1407 3303 1436 3360 in
1450 3306 1571 3382 gratiam
1587 3329 1635 3368 re-

872 3378 957 3441 diret.
974 3386 1093 3441 Paratus
1115 3397 1208 3442 tamen
1226 3384 1286 3462 jam
1311 3389 1364 3446 brit
1384 3391 1413 3446 in
1435 3396 1557 3469 patriam
1580 3417 1634 3453 ex-

872 3469 979 3546 templo
1001 3469 1096 3528 redire
1118 3473 1271 3550 primaque
1293 3489 1378 3535 nocte
1403 3499 1464 3538 sese
1487 3483 1633 3544 abiturum

871 3556 1031 3633 profitetur.
1056 3557 1090 3616 ld
1110 3558 1228 3617 videtur
1251 3563 1375 3640 exprimi
1401 3567 1533 3628 versibus
1555 3571 1634 3648 apud

870 3643 978 3701 Polluc.
991 3647 1031 3716 X,
1047 3647 1120 3720 133,
1135 3647 1189 3706 nisi
1202 3651 1380 3728 comparatio
1395 3653 1473 3714 iniis
1487 3657 1561 3715 inest
1577 3677 1586 3718 ε
1601 3659 1634 3719 τὰ

870 3728 1014 3789 δὲναυτικίι
1027 3730 1135 3805 σκειίη...
1145 3735 1279 3817 πλῆκτρα,
1292 3740 1327 3804 ὡς
1337 3740 1474 3821 Σοφοκλῆς
1485 3744 1512 3801 ἐν
1521 3743 1633 3826 Ἀχαιῶν

870 3815 998 3900 συλλόγῳ·

870 3953 933 4040 [38]
949 3939 995 4035 lt<
1011 3960 1196 4052 ναοφύλακες
1212 3963 1353 4055 νυκτέρου
1370 3966 1549 4062 ναυκληρίας

948 4075 1115 4165 τλτίκτροις
1130 4073 1343 4144 desolaretur
1360 4077 1463 4173 οὐρίαν
1475 4083 1595 4174 τρόπιν.

52 4210 153 4286 modo,
176 4211 328 4292 statimque
343 4216 367 4273 'a
387 4227 473 4294 poeta
497 4216 718 4294 ostendebatur,
752 4240 816 4298 quae
870 4229 1003 4286 Fortasse
1032 4245 1103 4284 voce
1127 4226 1190 4306 [39]
1211 4225 1460 4309 «interdicerem
1481 4233 1633 4317 ἐξήρτυται,

53 4303 225 4366 Graecorum
241 4299 369 4358 conditio
384 4301 429 4360 his
444 4301 567 4362 ducibus
581 4303 612 4362 in
628 4303 735 4364 bellum
750 4327 819 4384 pro-
870 4315 948 4393 apud
964 4316 1151 4392 Hesychium,
1170 4318 1297 4379 Achilles
1316 4321 1424 4382 indicat
1438 4345 1539 4384 navem
1552 4346 1632 4386 suam

55 4391 198 4448 lectorum
219 4387 274 4447 sub
288 4391 432 4451 ominibus
446 4393 611 4453 infelicibus
623 4395 721 4454 sutura
734 4410 817 4456 esset.
865 4403 927 4481 jam
947 4424 1009 4464 esse
1026 4417 1165 4482 paratam.

55 4482 90 4533 Et
109 4490 141 4534 ut
154 4478 281 4537 Achilles
301 4482 506 4558 Agamemnoni
524 4502 638 4562 semper
658 4485 818 4543 contrarius
909 4499 1010 4572 Neque
1034 4495 1127 4553 Graeci
1150 4497 1207 4573 ipsi
1229 4496 1305 4556 inter
1329 4519 1359 4558 se
1381 4501 1449 4560 saris
1474 4501 1633 4561 concordes

53 4567 118 4640 luit,
143 4567 183 4628 ita
202 4567 264 4646 jam
283 4582 436 4648 antequam
457 4570 571 4648 Trojam
593 4586 734 4632 venerunt
757 4575 820 4633 ani·
870 4578 956 4641 fuisse
977 4580 1129 4655 videntur,
1144 4584 1169 4642 si
1187 4585 1302 4661 quidem
1317 4586 1373 4645 buc
1393 4588 1536 4648 referendi
1565 4604 1632 4648 sunt

53 4673 134 4713 mum
161 4677 245 4716 suum
268 4658 412 4736 patefecit.
440 4659 613 4719 Convivium
641 4673 736 4720 autem
760 4681 818 4720 non
868 4687 980 4745 versus,
999 4689 1073 4747 quos
1092 4671 1274 4730 Herodianus
1294 4676 1420 4733 servavit
1439 4675 1506 4755 Περὶ
1527 4675 1633 4755 σχημά-

52 4757 117 4801 crat
144 4745 286 4824 tragoediae
312 4747 491 4826 praecipuum
523 4764 733 4827 argumentum,
768 4754 817 4814 sed
868 4779 919 4814 των
932 4777 962 4835 p.
980 4757 1096 4830 57,5a:
1114 4757 1265 4837 Ἄστεῑσμδς
1279 4758 1307 4818 δέ
1321 4761 1377 4819 ἐστι
1399 4762 1572 4842 προσποίησις
1591 4787 1634 4823 ru·

52 4834 254 4893 tantummodo
274 4855 359 4894 causa
372 4835 423 4895 irae
439 4837 572 4918 Achillis,
589 4860 647 4918 qua
665 4843 760 4900 statim
778 4841 816 4901 ab
869 4842 936 4917 δανὴ
948 4849 993 4904 τοῦ
1004 4843 1041 4923 μὴ
1054 4843 1138 4926 λέγειν
1149 4844 1167 4917 ἢ
1178 4845 1347 4924 μνημονεύειν
1360 4848 1632 4930 ἡμᾶςδλέγσμιν·ὡς

52 4943 1630 4978 -·--—--—---—-————---—-...........

415 5007 459 5059 87.
1231 5019 1274 5068 38.

52 5079 95 5135 Tu
106 5092 171 5135 vero
183 5076 213 5133 ln
225 5077 295 5135 solio
304 5078 443 5136 literarum
454 5081 562 5139 tabulas
575 5090 671 5141 tenens

53 5153 137 5216 recita
150 5171 220 5214 num
232 5157 295 5230 quis
308 5173 366 5217 non
379 5156 452 5216 adsit
464 5161 511 5235 qul
521 5159 662 5235 juraverit.

870 5088 911 5145 Ut
922 5087 997 5146 navis
1013 5088 1143 5146 custodes
1155 5099 1298 5148 nocturnae
1312 5091 1494 5166 navigationis

870 5167 1044 5227 armamentis
1056 5169 1198 5226 instruunt
1210 5172 1400 5243 tempestivam
1411 5174 1543 5232 carinam.
