3680 5790
297 529 545 622 FABULAE
577 523 898 618 SATYRICAE.

389 707 567 772 acanus
592 707 810 770 Atrtronns.

258 859 379 936 Fabula,
405 882 470 940 quae
494 857 632 940 Ἀχιλλέως
661 857 769 938 ἐρασταί
799 855 978 925 inscribitur,

218 970 277 1008 nnn
291 952 367 1010 inter
377 949 515 1027 satyricae
530 947 646 1025 quidem
660 944 771 1004 fabulas
790 955 979 1016 tuemuratnr,

217 1049 247 1096 at
262 1039 341 1098 nulla
352 1036 496 1097 dubitatio
511 1049 638 1095 remanet
655 1055 690 1093 ex
708 1053 842 1091 versuum
856 1031 976 1090 consor-

218 1127 344 1186 matione
363 1140 391 1185 et
411 1126 570 1204 argumenti
597 1122 824 1201 compositione,
850 1123 919 1200 quin
943 1119 978 1176 acl

217 1227 330 1291 satyros
344 1215 492 1274 referenda
508 1215 544 1272 sit
558 1211 665 1272 sabula.

256 1307 369 1362 Nomen
382 1302 449 1362 satis
462 1301 561 1382 prodit
573 1313 714 1359 amatores
728 1301 756 1358 in
771 1299 864 1358 choro
882 1297 979 1366 luisse5

220 1417 254 1456 ex
267 1417 327 1475 quo
344 1399 496 1457 concludes
511 1403 629 1474 Satyros
643 1398 763 1457 Achillis
777 1407 919 1455 amatores
934 1394 980 1452 in-

218 1485 368 1545 troductos
379 1507 449 1546 esse.
462 1485 546 1560 Quod
559 1486 582 1543 si
599 1505 653 1564 pro
668 1504 737 1544 veru
750 1482 913 1543 habendum
927 1493 980 1552 est,

217 1571 369 1651 probabile
384 1587 426 1632 est
435 1587 522 1632 totam
536 1595 595 1632 rem
607 1575 637 1632 in
652 1573 761 1632 Graecia
776 1571 855 1651 apud
866 1569 980 1629 Peleum

220 1674 340 1742 patrem,
364 1665 413 1740 qni
442 1683 506 1720 suas
529 1675 627 1740 partes
647 1661 677 1718 in
702 1659 797 1719 fabula
816 1658 936 1729 habuit,
952 1659 979 1716 in

218 1770 288 1828 agro
304 1764 472 1810 transactam
495 1770 556 1808 esse
579 1750 780 1826 Achillemquc
799 1766 920 1828 puerum
934 1747 979 1804 in-

218 1838 384 1898 troductum
406 1839 448 1898 vel
472 1856 578 1917 pecora
596 1849 762 1916 pascentem
783 1838 826 1895 vel
849 1836 878 1894 in
902 1837 980 1895 Pelio

218 1941 391 1999 venantem,
412 1927 494 2004 cujus
517 1927 733 2004 pulchritudine
753 1927 849 2003 Satyri
871 1924 979 1982 inducti

217 2029 360 2075 amatores
374 2036 404 2076 se
416 2016 529 2075 saciant.
544 2022 579 2073 ttt
591 2016 664 2074 male
678 2014 788 2092 accepti
805 2015 850 2072 vel
865 2033 881 2072 a
894 2012 980 2072 Peleo

216 2105 261 2162 rel
279 2104 413 2164 Phoenice
424 2104 513 2182 lugati
529 2122 590 2162 esse
602 2103 747 2161 videntur.

257 2199 301 2252 De
315 2194 530 2272 compositione
545 2191 648 2250 labulae
662 2204 774 2249 constat
790 2191 904 2248 Peleum
920 2209 981 2248 esse

216 2280 417 2340 introductum
431 2295 460 2340 et
472 2281 633 2341 Phoenicetn
651 2281 701 2359 qui
718 2278 889 2340 resistebant
902 2285 980 2356 Saty-

217 2369 266 2428 ris.
294 2371 386 2430 Etiam
410 2371 489 2428 canis
510 2383 698 2442 memoratur,
729 2368 779 2447 qui
809 2368 930 2427 sortasse
951 2368 980 2425 in

216 2477 300 2516 scena
313 2459 375 2518 tuit
389 2458 514 2520 Achillea
530 2472 625 2517 autem
643 2458 811 2516 interviret
828 2457 904 2514 idem
922 2455 981 2514 iere

217 2545 304 2606 luisse
316 2546 438 2621 videtur,
448 2567 512 2627 quae
524 2547 632 2606 Helena
643 2548 720 2605 inter
732 2546 876 2618 mulieres,
889 2544 982 2602 mollis

216 2637 333 2714 quidem
348 2641 404 2710 illc,
420 2651 449 2697 at
463 2639 542 2698 nullo
556 2637 642 2696 modo
653 2637 849 2710 effeminatus,
859 2647 892 2695 ut
905 2636 980 2695 Ori-

216 2723 282 2785 dins
297 2726 368 2785 dixit
379 2728 409 2786 in
421 2729 508 2787 Trist.
521 2731 570 2800 tv,
583 2735 658 2803 409:

253 2864 311 2920 Nec
322 2871 405 2921 nocet
419 2864 525 2922 auctori
539 2863 651 2922 mollem
666 2862 715 2936 qui
729 2861 798 2920 fecit
811 2863 947 2923 Achillem

306 2941 449 3016 iniregisse
461 2944 519 3002 auis
531 2941 613 3000 fortia
624 2942 697 3001 facta
712 2941 812 3000 modis.

218 3085 358 3163 Praecepit
366 3085 463 3144 animo
473 3097 560 3163 poeta
569 3084 653 3142 fortia
665 3085 820 3163 laetaque
829 3085 983 3163 aliquando

219 3184 408 3232 exsecuturus
422 3184 497 3230 esset
510 3169 645 3229 Achilles.

258 3262 346 3323 Peleo
378 3260 501 3320 debetur
523 3258 603 3339 quod
628 3272 671 3318 est
694 3260 773 3338 apud
799 3261 982 3320 scholiastam

220 3439 331 3511 Πηλέως
345 3436 490 3516 μετέθαλλε
508 3437 554 3508 τθς
567 3435 667 3520 μορφθς
680 3436 723 3497 ort
744 3435 791 3516 μὲν
809 3439 844 3504 είς
865 3444 928 3520 πῦρ,
942 3437 984 3498 tet

220 3526 249 3588 δί
265 3530 301 3596 εἰς
316 3525 407 3607 θηρία·
427 3530 441 3586 θ
458 3526 487 3586 δέ
507 3527 670 3610 καρτερήσας
687 3525 847 3606 περιγέγονε.
867 3527 934 3607 Περί
956 3529 984 3585 δὲ

219 3620 266 3688 τῆς
289 3614 516 3698 μεταμορφώσεως
538 3618 619 3689 αὐτῆς
641 3615 686 3676 καὶ
706 3617 845 3698 Σοφοκλῆς
859 3639 938 3698 φησιν
957 3617 983 3675 ἐν

221 3703 362 3786 Ἀχιλλέως
374 3705 510 3785 ἐρασταῖς·

221 3855 304 3939 [ιιι]
320 3851 374 3930 Τίς
389 3853 446 3947 γοίρ
465 3879 501 3944 με
517 3853 628 3946 μόχθος
646 3857 700 3920 οὐκ
716 3853 894 3938 iatronicen
907 3855 983 3919 λέων

315 3958 434 4058 δράκων
452 3993 500 4047 τε,
518 3976 590 4060 πῦρ,
608 3959 700 4060 ὕδωρ.

221 4119 317 4181 Schol.
337 4120 432 4198 Apoll,
452 4124 502 4195 Ν,
527 4123 612 4179 816:
637 4122 720 4200 [δικ]
744 4123 880 4202 Σοφοκλῆς
905 4117 931 4177 δέ
959 4121 984 4178 ἐν

222 4207 362 4290 Ἀχιλλέως
373 4209 492 4289 ἐρασταῖς
505 4232 582 4291 φησιν
598 4207 649 4268 int
665 4209 776 4282 Πηλέως
789 4209 984 4289 λοιδορηθεῖσαν

221 4297 270 4372 τὴν
283 4297 362 4359 Θέτιν
377 4297 532 4355 καταλιπεῖν
547 4296 633 4356 αὐτόν.
648 4298 769 4356 Videtur
785 4297 872 4375 igitur
886 4299 985 4357 Pclcus

221 4408 238 4447 a
253 4385 385 4464 conjuge,
397 4405 484 4463 quam
499 4397 579 4443 tanto
591 4383 690 4443 labore
701 4385 821 4463 adeptus
833 4385 879 4458 sit,
892 4407 922 4444 se
937 4386 986 4445 de-

222 4490 330 4534 sertum
344 4485 519 4553 conquestus
544 4492 618 4543 esse3
636 4471 754 4530 sortasse
769 4473 882 4531 addidit
903 4475 989 4533 etiarn

569 4647 632 4698 641.

275 4744 347 4798 Nam
360 4741 419 4814 quis
431 4740 509 4798 labor
522 4739 591 4796 mihi
604 4756 659 4798 non
671 4739 853 4798 imminebat?
863 4740 906 4798 leo

275 4829 303 4877 et
316 4819 414 4891 draco,
431 4820 519 4895 ignis,
534 4835 615 4895 aqua.

571 4924 634 4976 643.

291 4996 335 5057 Tu
349 5019 428 5074 vero,
442 5019 523 5062 suum
538 5016 660 5076 venator,
675 5007 741 5063 Pelii
754 5008 874 5064 alumne.

574 5109 636 5160 645.

369 5189 424 5245 Aut
436 5188 519 5246 hastas
534 5189 652 5247 bifidum
665 5191 767 5261 telutm

770 391 978 452 sortiocns
999 389 1250 452 FRAGMENTA.

1034 521 1124 580 lilium
1144 543 1203 580 non
1224 521 1332 584 adesse.
1354 525 1467 584 Deinde
1490 527 1634 587 Achillem
1657 529 1798 608 prodiisse

1033 609 1186 688 probabile
1203 623 1261 682 est,
1281 611 1328 671 cui
1349 613 1531 673 attribuerim
1553 617 1634 696 quod
1653 630 1701 676 est
1724 619 1796 696 apud

1031 699 1204 758 Athenaeum
1214 703 1269 774 IX,
1277 720 1307 779 p.
1320 709 1388 775 dor,
1403 707 1445 761 D:
1458 703 1507 772 Τίς
1516 703 1682 784 μνημονεύει
1691 707 1797 765 antici

1031 785 1153 846 σιίνθετον
1162 789 1329 867 ὁμοίωςῆμῐν
1340 789 1494 872 οσυιίγροιιν
1508 792 1608 852 inland
1619 793 1717 876 εἰγρίου
1727 795 1796 867 σοι’ςς

1032 877 1168 956 Σοφοκλῆς
1185 875 1232 954 μὲν
1244 875 1296 959 γθρ
1312 879 1339 936 ἐν
1359 877 1499 958 ’Ἀχιλλέως
1519 883 1646 963 ἐρασταῖς
1667 883 1714 942 ἐπὶ
1729 883 1797 950 amir

1031 961 1105 1034 ἐταξε
1116 965 1241 1042 τοῦνομα,
1257 964 1309 1025 dard
1321 973 1366 1026 τοῦ
1382 971 1427 1034 σῦς
1439 967 1567 1049 ἀγρεύειν,
1581 970 1673 1050 λέγων

1033 1091 1115 1178 [ιιι]
1133 1093 1174 1158 Σὺ
1191 1083 1230 1170 δ’,
1246 1089 1270 1159 ὦ
1288 1095 1410 1188 σιίκγρε,
1425 1097 1620 1169 Πηλιωτικὸν
1639 1102 1763 1194 τρέφος.

1032 1211 1182 1291 (Ερίιοιοε
1202 1226 1230 1274 et
1251 1217 1419 1276 Eustathius
1439 1237 1468 1295 p.
1495 1219 1585 1291 1872,
1610 1240 1665 1298 aa,
1687 1221 1795 1300 βρέφος.)

1031 1301 1127 1378 Satyri
1146 1321 1236 1379 quum
1252 1305 1394 1364 Achillem
1417 1304 1558 1380 viderint,
1574 1327 1683 1366 amore
1704 1314 1798 1370 armati

1031 1389 1220 1450 adolescentis
1235 1391 1431 1471 abripiuntur.
1441 1397 1505 1453 Huc
1520 1397 1655 1474 pertinet
1670 1399 1751 1476 quod
1761 1415 1799 1456 est

1032 1481 1109 1561 apud
1121 1483 1298 1560 hesychium
1312 1507 1319 1542 ι
1333 1483 1496 1563 Ὀμμοίτιιος
1508 1487 1596 1553 πόθος·
1612 1485 1662 1546 διδ
1676 1489 1709 1547 τὸ
1720 1491 1748 1548 ἐκ
1758 1495 1798 1548 τοῦ

1032 1571 1093 1651 θρδν
1112 1569 1265 1630 ἁλίσκεσθαι
1286 1571 1379 1652 ἐρωτι·
1399 1574 1430 1632 ἐκ
1449 1580 1494 1634 τοῦ
1514 1573 1565 1655 γδρ
1583 1575 1687 1656 ἐσορᾶν
1708 1575 1799 1655 γίνεται

1032 1655 1176 1740 ἀνθρώποις
1197 1660 1266 1740 ἐρᾶν.
1283 1659 1336 1722 Knl
1360 1663 1386 1721 ἐν
1410 1661 1549 1740 Ἀχιλλέως
1571 1663 1707 1741 ἐρασταῖς
1726 1665 1798 1744 [filil

1032 1773 1045 1798 ι
1066 1747 1297 1828 θμματοπέλογχο
1318 1777 1331 1801 ι
1350 1748 1440 1829 φησίν.
1464 1752 1600 1810 Correxit
1621 1757 1663 1810 Is.
1688 1754 1798 1810 Vossius

1032 1833 1155 1914 «ὄμματ’
1170 1835 1317 1916 ἐπολογχα.
1335 1863 1347 1889 ν
1369 1838 1422 1896 Alii
1440 1839 1533 1897 aliter.
1548 1840 1620 1898 Atio
1642 1841 1796 1920 fragmento

1033 1924 1127 2000 Satyri
1140 1943 1239 1984 amore
1256 1926 1380 2002 perculsi
1395 1925 1536 2004 usquead
1551 1929 1702 2005 tragicam
1715 1930 1797 2007 digui-

1035 2027 1120 2072 tatem
1145 2033 1281 2073 versuum
1300 2015 1472 2076 efferuntur.
1494 2016 1591 2076 Schol.
1616 2018 1708 2078 Pind.
1728 2024 1797 2080 rtem.

1033 2106 1080 2172 Vl,
1091 2123 1148 2178 90:
1162 2105 1220 2162 Οὐκ
1235 2104 1265 2161 ἐκ
1278 2104 1450 2182 παραδρομῆς
1464 2102 1491 2163 δὲ
1505 2104 1617 2172 ζιίκοτον
1632 2099 1697 2166 εἶπε
1708 2107 1738 2166 τὸ
1748 2107 1798 2186 dina

1034 2195 1078 2249 τοῦ
1091 2189 1232 2270 Ἀχιλλέως
1245 2237 1252 2250 .
1265 2236 1292 2250 ..
1308 2192 1365 2250 αλλ’
1386 2191 1427 2251 ὅτι
1447 2189 1583 2274 ἰδιώτερον
1598 2193 1680 2276 παρὰ
1694 2195 1729 2254 τὰ
1743 2197 1799 2253 {aa

1033 2277 1236 2338 κατεσκεύαστο.
1259 2279 1369 2360 Δίκροιιν
1389 2277 1440 2360 γθιρ
1460 2277 1528 2339 ὥστε
1550 2280 1599 2340 δύο
1617 2283 1723 2362 nint-dt
1740 2284 1801 2362 ἐχειν

1034 2364 1079 2423 καί
1094 2373 1142 2447 μιᾷ
1157 2369 1222 2446 βολῇ
1235 2365 1312 2426 δισσθι
1326 2366 1359 2426 τ’θι
1378 2366 1518 2448 τραύματα
1536 2370 1763 2450 ἀπεργάζεσθαι..
1775 2417 1796 2429 ..

1035 2455 1172 2536 Σοφοκλῆς
1187 2457 1213 2515 έν
1229 2455 1369 2536 Ἀχιλλέως
1385 2459 1519 2537 ἐρασταῖς·

1034 2579 1115 2662 [dli]
1142 2563 1170 2646 ll
1189 2568 1277 2670 δορὸς
1295 2570 1482 2672 διχέστομον
1499 2587 1674 2678 πλοῖκτρον·

1141 2685 1286 2786 δίπτυχοι
1302 2688 1361 2789 γὰρ
1374 2686 1479 2764 ὀδύναι
1497 2724 1546 2791 μιν
1562 2702 1672 2793 ῆρικον

1140 2799 1308 2902 Ᾰχιλληίου
1326 2803 1471 2904 δόρατος.

1035 2927 1176 2988 Dobraens
1190 2949 1287 2988 versus
1302 2953 1316 2988 a
1333 2933 1478 3011 Sophocle
1490 2935 1602 2993 alienos
1617 2955 1686 2994 esse
1694 2937 1803 3014 judica·
1830 2921 1831 3012 l

1035 3016 1092 3088 rit;
1108 3017 1152 3076 sin
1167 3019 1273 3090 minus,
1285 3020 1507 3084 existimandum
1525 3034 1569 3080 est
1584 3023 1736 3084 Achillem
1750 3027 1801 3102 jan
1830 3027 1831 3080 l

1036 3106 1196 3166 ostendisse
1212 3111 1374 3186 insignibus
1388 3111 1500 3169 viribus
1514 3133 1544 3170 se
1559 3113 1737 3191 praeditum,
1756 3137 1801 3174 an-

942 3197 947 3206 '
1037 3208 1151 3275 tequam
1165 3199 1194 3255 iu
1208 3197 1315 3257 bellum
1331 3201 1477 3278 profectas
1493 3201 1540 3259 sit.
1555 3206 1600 3260 Ac
1611 3217 1733 3263 veteres
1747 3227 1801 3263 rara

1035 3287 1112 3344 inter
1132 3285 1259 3346 diversas
1278 3299 1375 3346 aetates
1395 3289 1449 3347 viri
1472 3290 1572 3348 eximii
1591 3291 1799 3362 distinxerunt,

1037 3373 1086 3431 nbi
1100 3373 1223 3450 aliquem
1238 3375 1403 3453 quicunque
1423 3378 1446 3436 is
1465 3379 1520 3437 suit
1536 3379 1567 3436 in
1587 3381 1700 3440 coelum
1716 3385 1797 3440 laudi-

1036 3461 1090 3520 bus
1103 3460 1279 3524 eatulerunt.
1297 3467 1398 3539 Neque
1414 3463 1537 3523 alienum
1558 3479 1603 3525 est
1621 3467 1662 3526 ab
1678 3472 1799 3528 instituto

1037 3563 1131 3630 poetae
1143 3549 1293 3625 Achillem,
1307 3571 1393 3630 quem
1406 3551 1541 3612 omnibus
1556 3557 1723 3618 virtutibus
1740 3581 1797 3638 pra

1037 3642 1188 3700 cellentem
1200 3639 1281 3710 iecit,
1297 3642 1399 3718 puerili
1414 3655 1495 3700 aetate
1515 3643 1665 3723 insignem
1687 3651 1796 3706 renaudi

1037 3730 1134 3790 studio
1146 3741 1175 3788 et
1188 3749 1322 3788 successu
1341 3729 1490 3790 celebrari.
1506 3736 1579 3806 Quae
1595 3755 1694 3812 quum
1705 3739 1796 3796 chorus

1037 3817 1372 3878 deAchillecarminibns
1380 3819 1574 3897 praedicasset,
1582 3823 1661 3902 alius
1670 3828 1796 3903 quiddam
1830 3843 1831 3902 γ

1037 3907 1162 3986 amplius
1180 3905 1215 3964 de
1226 3925 1325 3966 amore
1341 3907 1392 3983 ait,
1409 3909 1489 3987 quod
1504 3922 1547 3968 est
1559 3913 1641 3988 apud
1659 3916 1795 3975 διώκῃς,

1038 4002 1143 4072 LXIV,
1159 3999 1213 4056 13:
1830 4043 1831 4132 γ

1038 4123 1121 4201 [646]
1143 4117 1265 4210 Νόσημ’
1279 4119 1390 4210 ἔρωτος
1403 4122 1489 4186 τοῦτ’
1506 4119 1647 4216 ἐφίμερον
1665 4131 1764 4195 κακόν·
1830 4134 1831 4180 1

1143 4234 1240 4324 ἔχοιμ’
1258 4227 1293 4298 ἂν
1307 4235 1383 4301 αὐτὸ
1400 4237 1441 4326 μὴ
1460 4245 1560 4316 κακῶς
1573 4239 1750 4328 ἀπεικάσαι,

1143 4348 1218 4413 ὅταν
1236 4344 1336 4441 ποίγου
1353 4352 1496 4443 φανέντος
1513 4351 1629 4446 αἰθρίου
1642 4367 1739 4452 χεροῖν

1144 4465 1333 4553 κρύσταλλον
1350 4465 1509 4558 ἁρποίσωσι
1526 4463 1637 4551 παῖδες
1656 4475 1783 4569 σίσταγῖ·

1109 4641 1234 4714 duplices
1245 4645 1317 4700 enim
1331 4645 1409 4704 illum
1424 4651 1580 4709 retinebant
1593 4653 1706 4713 dolores
1830 4669 1831 4696 t

1110 4721 1254 4779 Achillcioe
1265 4722 1359 4781 hasta.

1039 4879 1185 4951 AEgritudo
1199 4882 1301 4940 amoris
1312 4883 1372 4941 bac
1385 4811 1467 4944 iidie
1484 4890 1591 4946 malum
1605 4900 1666 4962 εεις

1038 4961 1212 5032 nequeenim
1226 4963 1295 5020 male
1303 4963 1372 5021 illud
1383 4965 1412 5022 in
1422 4966 1475 5023 hoc
1486 4969 1573 5027 simili
1582 4976 1711 5048 exemplo
1720 4986 1792 5033 osten

1038 5055 1124 5110 quum
1137 5040 1202 5114 gelu
1214 5040 1249 5098 de
1262 5043 1332 5100 coelo
1347 5053 1408 5102 orto
1422 5047 1551 5105 manibus
1712 5055 1789 5124 [θειο.

1040 5119 1114 5192 pueri
1123 5121 1296 5194 congelatum
1307 5139 1386 5196 aquae
1394 5125 1513 5184 frustum
1523 5145 1580 5222 non
1592 5131 1705 5191 stillans
1713 5151 1792 5208 rapnr

1544 5217 1606 5267 ruti
1619 5227 1629 5270 t
