<?xml version="1.0" encoding="UTF-8"?>
<!DOCTYPE html PUBLIC "-//W3C//DTD XHTML 1.0 Transitional//EN"
    "http://www.w3.org/TR/xhtml1/DTD/xhtml1-transitional.dtd">
<html xmlns="http://www.w3.org/1999/xhtml" xml:lang="en" lang="en">
 <head>
  <title>
</title>
<meta http-equiv="Content-Type" content="text/html;charset=utf-8" />
  <meta name='ocr-system' content='tesseract 3.04.00' />
  <meta name='ocr-capabilities' content='ocr_page ocr_carea ocr_par ocr_line ocrx_word'/>
</head>
<body>
  <div class='ocr_page' id='page_1' title='image "./theophrastichar00maxigoog_0618.png"; bbox 0 0 3650 5798; ppageno 0'>
   <div class='ocr_carea' id='block_1_1' title="bbox 621 427 1098 501">
    <p class='ocr_par' dir='ltr' id='par_1_1' title="bbox 621 427 1098 501">
     <span class='ocr_line' id='line_1_1' title="bbox 621 427 1098 501; baseline -0.034 0"><span class='ocrx_word' id='word_1_1' title='bbox 621 431 830 501; x_wconf 75' lang='lat' dir='ltr'><strong>sorflocils</strong></span> <span class='ocrx_word' id='word_1_2' title='bbox 848 427 1098 491; x_wconf 80' lang='lat' dir='ltr'><strong>FRAGMENTA.</strong></span> 
     </span>
    </p>
   </div>
   <div class='ocr_carea' id='block_1_2' title="bbox 47 563 836 751">
    <p class='ocr_par' dir='ltr' id='par_1_2' title="bbox 47 563 836 751">
     <span class='ocr_line' id='line_1_2' title="bbox 73 563 833 660; baseline -0.037 -13"><span class='ocrx_word' id='word_1_3' title='bbox 73 608 123 646; x_wconf 90' lang='lat' dir='ltr'><strong>ras</strong></span> <span class='ocrx_word' id='word_1_4' title='bbox 135 603 260 656; x_wconf 85' lang='lat' dir='ltr'><strong>versum,</strong></span> <span class='ocrx_word' id='word_1_5' title='bbox 275 581 327 660; x_wconf 92' lang='lat' dir='ltr'><strong>qui</strong></span> <span class='ocrx_word' id='word_1_6' title='bbox 337 589 380 639; x_wconf 86' lang='lat' dir='ltr'><strong>est</strong></span> <span class='ocrx_word' id='word_1_7' title='bbox 394 574 471 655; x_wconf 87' lang='lat' dir='ltr'><strong>apud</strong></span> <span class='ocrx_word' id='word_1_8' title='bbox 483 571 608 650; x_wconf 88' lang='lat' dir='ltr'><strong>Etymol.</strong></span> <span class='ocrx_word' id='word_1_9' title='bbox 625 569 664 629; x_wconf 87' lang='lat' dir='ltr'><strong>hl.</strong></span> <span class='ocrx_word' id='word_1_10' title='bbox 678 588 707 646; x_wconf 90' lang='lat' dir='ltr'><strong>p.</strong></span> <span class='ocrx_word' id='word_1_11' title='bbox 717 566 784 643; x_wconf 85' lang='lat'><strong>789,</strong></span> <span class='ocrx_word' id='word_1_12' title='bbox 797 563 833 632; x_wconf 74' lang='grc'><strong>13</strong></span> 
     </span>
     <span class='ocr_line' id='line_1_3' title="bbox 47 647 836 751; baseline -0.038 -14"><span class='ocrx_word' id='word_1_13' title='bbox 47 657 619 751; x_wconf 64' lang='grc' dir='ltr'>ἐιΡὶιοπρ.613,7;Φα6λον...τεθείη</span> <span class='ocrx_word' id='word_1_14' title='bbox 639 657 662 716; x_wconf 82' lang='grc' dir='ltr'><strong>δ’</strong></span> <span class='ocrx_word' id='word_1_15' title='bbox 683 653 714 714; x_wconf 82' lang='grc' dir='ltr'><strong>ἃν</strong></span> <span class='ocrx_word' id='word_1_16' title='bbox 732 651 777 713; x_wconf 81' lang='grc' dir='ltr'>καὶ</span> <span class='ocrx_word' id='word_1_17' title='bbox 793 647 836 709; x_wconf 73' lang='grc' dir='ltr'><strong>ἐπ]</strong></span> 
     </span>
    </p>
   </div>
   <div class='ocr_carea' id='block_1_3' title="bbox 72 757 799 978">
    <p class='ocr_par' dir='ltr' id='par_1_3' title="bbox 72 757 799 978">
     <span class='ocr_line' id='line_1_4' title="bbox 72 757 459 840; baseline -0.028 -17"><span class='ocrx_word' id='word_1_18' title='bbox 72 769 122 822; x_wconf 77' lang='grc' dir='ltr'>τοῦ</span> <span class='ocrx_word' id='word_1_19' title='bbox 137 760 269 840; x_wconf 77' lang='grc' dir='ltr'>μεγαλου·</span> <span class='ocrx_word' id='word_1_20' title='bbox 283 759 349 838; x_wconf 91' lang='grc' dir='ltr'>Σοφ.</span> <span class='ocrx_word' id='word_1_21' title='bbox 364 757 459 834; x_wconf 61' lang='lat' dir='ltr'><strong>Atyp-</strong></span> 
     </span>
     <span class='ocr_line' id='line_1_5' title="bbox 73 871 799 978; baseline -0.036 -20"><span class='ocrx_word' id='word_1_22' title='bbox 73 893 161 974; x_wconf 78' lang='grc'><strong>[166]</strong></span> <span class='ocrx_word' id='word_1_23' title='bbox 188 885 226 954; x_wconf 85' lang='grc' dir='ltr'><strong>Εἰ</strong></span> <span class='ocrx_word' id='word_1_24' title='bbox 243 883 344 978; x_wconf 80' lang='grc' dir='ltr'>μικρὸς</span> <span class='ocrx_word' id='word_1_25' title='bbox 362 883 401 949; x_wconf 83' lang='grc' dir='ltr'><strong>ὣν</strong></span> <span class='ocrx_word' id='word_1_26' title='bbox 418 878 459 948; x_wconf 81' lang='lat' dir='ltr'><strong>rit</strong></span> <span class='ocrx_word' id='word_1_27' title='bbox 476 882 577 970; x_wconf 81' lang='grc' dir='ltr'>φαῦλα</span> <span class='ocrx_word' id='word_1_28' title='bbox 588 873 711 948; x_wconf 74' lang='grc' dir='ltr'>νικῆσας</span> <span class='ocrx_word' id='word_1_29' title='bbox 728 871 799 960; x_wconf 74' lang='grc' dir='ltr'><strong>ἔχω.</strong></span> 
     </span>
    </p>
   </div>
   <div class='ocr_carea' id='block_1_4' title="bbox 74 997 841 1263">
    <p class='ocr_par' dir='ltr' id='par_1_4' title="bbox 74 997 841 1263">
     <span class='ocr_line' id='line_1_6' title="bbox 74 997 840 1092; baseline -0.031 -17"><span class='ocrx_word' id='word_1_30' title='bbox 74 1021 183 1092; x_wconf 83' lang='lat' dir='ltr'>Neque</span> <span class='ocrx_word' id='word_1_31' title='bbox 192 1031 263 1070; x_wconf 86' lang='lat' dir='ltr'><strong>vero</strong></span> <span class='ocrx_word' id='word_1_32' title='bbox 274 1019 394 1079; x_wconf 86' lang='lat' dir='ltr'><strong>constat,</strong></span> <span class='ocrx_word' id='word_1_33' title='bbox 406 1024 475 1064; x_wconf 91' lang='lat' dir='ltr'><strong>num</strong></span> <span class='ocrx_word' id='word_1_34' title='bbox 485 1021 584 1061; x_wconf 83' lang='lat' dir='ltr'><strong>versus</strong></span> <span class='ocrx_word' id='word_1_35' title='bbox 591 997 627 1059; x_wconf 91' lang='lat' dir='ltr'><strong>ab</strong></span> <span class='ocrx_word' id='word_1_36' title='bbox 639 999 703 1076; x_wconf 87' lang='lat' dir='ltr'><strong>ipso</strong></span> <span class='ocrx_word' id='word_1_37' title='bbox 712 1000 840 1072; x_wconf 87' lang='lat' dir='ltr'><strong>Neopto·</strong></span> 
     </span>
     <span class='ocr_line' id='line_1_7' title="bbox 76 1080 840 1176; baseline -0.031 -14"><span class='ocrx_word' id='word_1_38' title='bbox 76 1103 157 1161; x_wconf 89' lang='lat' dir='ltr'><strong>lemo</strong></span> <span class='ocrx_word' id='word_1_39' title='bbox 168 1102 197 1160; x_wconf 93' lang='lat' dir='ltr'><strong>in</strong></span> <span class='ocrx_word' id='word_1_40' title='bbox 213 1119 296 1158; x_wconf 87' lang='lat' dir='ltr'><strong>scena</strong></span> <span class='ocrx_word' id='word_1_41' title='bbox 309 1093 517 1176; x_wconf 77' lang='lat' dir='ltr'><strong>pronunciatus</strong></span> <span class='ocrx_word' id='word_1_42' title='bbox 530 1090 576 1148; x_wconf 89' lang='lat' dir='ltr'><strong>sit.</strong></span> <span class='ocrx_word' id='word_1_43' title='bbox 589 1089 620 1148; x_wconf 90' lang='lat' dir='ltr'><strong>Si</strong></span> <span class='ocrx_word' id='word_1_44' title='bbox 638 1086 714 1146; x_wconf 92' lang='lat' dir='ltr'><strong>illius</strong></span> <span class='ocrx_word' id='word_1_45' title='bbox 727 1083 784 1142; x_wconf 87' lang='lat' dir='ltr'><strong>luit</strong></span> <span class='ocrx_word' id='word_1_46' title='bbox 796 1080 840 1140; x_wconf 88' lang='lat' dir='ltr'><strong>vel</strong></span> 
     </span>
     <span class='ocr_line' id='line_1_8' title="bbox 77 1174 841 1263; baseline -0.031 -14"><span class='ocrx_word' id='word_1_47' title='bbox 77 1187 202 1249; x_wconf 80' lang='lat' dir='ltr'><strong>Achillis</strong></span> <span class='ocrx_word' id='word_1_48' title='bbox 220 1208 256 1246; x_wconf 85' lang='lat' dir='ltr'><strong>ex</strong></span> <span class='ocrx_word' id='word_1_49' title='bbox 277 1182 459 1263; x_wconf 88' lang='lat' dir='ltr'><strong>quorundam</strong></span> <span class='ocrx_word' id='word_1_50' title='bbox 475 1176 631 1248; x_wconf 89' lang='lat' dir='ltr'><strong>sententia,</strong></span> <span class='ocrx_word' id='word_1_51' title='bbox 651 1174 841 1250; x_wconf 75' lang='lat' dir='ltr'><strong>fragmentum</strong></span> 
     </span>
    </p>
   </div>
   <div class='ocr_carea' id='block_1_5' title="bbox 77 1261 843 1442">
    <p class='ocr_par' dir='ltr' id='par_1_5' title="bbox 77 1261 843 1442">
     <span class='ocr_line' id='line_1_9' title="bbox 77 1261 843 1353; baseline -0.031 -16"><span class='ocrx_word' id='word_1_52' title='bbox 77 1297 146 1336; x_wconf 90' lang='lat' dir='ltr'><strong>cum</strong></span> <span class='ocrx_word' id='word_1_53' title='bbox 158 1273 281 1353; x_wconf 89' lang='lat' dir='ltr'><strong>eoquod</strong></span> <span class='ocrx_word' id='word_1_54' title='bbox 293 1285 336 1331; x_wconf 91' lang='lat' dir='ltr'><strong>est</strong></span> <span class='ocrx_word' id='word_1_55' title='bbox 347 1269 424 1350; x_wconf 91' lang='lat' dir='ltr'><strong>apud</strong></span> <span class='ocrx_word' id='word_1_56' title='bbox 432 1267 541 1328; x_wconf 91' lang='lat' dir='ltr'><strong>Polluc.</strong></span> <span class='ocrx_word' id='word_1_57' title='bbox 551 1267 590 1342; x_wconf 84' lang='grc' dir='ltr'><strong>Χ,</strong></span> <span class='ocrx_word' id='word_1_58' title='bbox 605 1281 670 1339; x_wconf 82' lang='grc'><strong>190,</strong></span> <span class='ocrx_word' id='word_1_59' title='bbox 681 1261 843 1339; x_wconf 83' lang='lat' dir='ltr'><strong>paulopost</strong></span> 
     </span>
     <span class='ocr_line' id='line_1_10' title="bbox 79 1352 842 1442; baseline -0.029 -20"><span class='ocrx_word' id='word_1_60' title='bbox 79 1365 209 1442; x_wconf 91' lang='lat' dir='ltr'><strong>positum</strong></span> <span class='ocrx_word' id='word_1_61' title='bbox 221 1405 228 1432; x_wconf 91' lang='lat'>,</span> <span class='ocrx_word' id='word_1_62' title='bbox 239 1359 451 1436; x_wconf 85' lang='lat' dir='ltr'><strong>conjungerem.</strong></span> <span class='ocrx_word' id='word_1_63' title='bbox 466 1352 645 1413; x_wconf 85' lang='lat' dir='ltr'><strong>Perloratum</strong></span> <span class='ocrx_word' id='word_1_64' title='bbox 654 1359 717 1405; x_wconf 85' lang='lat' dir='ltr'><strong>erat</strong></span> <span class='ocrx_word' id='word_1_65' title='bbox 730 1356 842 1404; x_wconf 89' lang='lat' dir='ltr'><strong>scutum</strong></span> 
     </span>
    </p>
   </div>
   <div class='ocr_carea' id='block_1_6' title="bbox 79 1431 845 1694">
    <p class='ocr_par' dir='ltr' id='par_1_6' title="bbox 79 1431 845 1694">
     <span class='ocr_line' id='line_1_11' title="bbox 79 1431 844 1527; baseline -0.026 -18"><span class='ocrx_word' id='word_1_66' title='bbox 79 1431 844 1527; x_wconf 84' lang='lat' dir='ltr'><strong>iuexpugnationeCillaeetChrysae.Esseetiamverba</strong></span> 
     </span>
     <span class='ocr_line' id='line_1_12' title="bbox 80 1521 844 1614; baseline -0.03 -15"><span class='ocrx_word' id='word_1_67' title='bbox 80 1541 157 1599; x_wconf 82' lang='lat' dir='ltr'><strong>alius</strong></span> <span class='ocrx_word' id='word_1_68' title='bbox 168 1535 315 1614; x_wconf 84' lang='lat' dir='ltr'><strong>cujusdam</strong></span> <span class='ocrx_word' id='word_1_69' title='bbox 332 1541 507 1612; x_wconf 85' lang='lat' dir='ltr'><strong>potuerunt,</strong></span> <span class='ocrx_word' id='word_1_70' title='bbox 520 1527 570 1608; x_wconf 89' lang='lat' dir='ltr'><strong>qui</strong></span> <span class='ocrx_word' id='word_1_71' title='bbox 584 1531 748 1585; x_wconf 85' lang='lat' dir='ltr'><strong>Graecorum</strong></span> <span class='ocrx_word' id='word_1_72' title='bbox 762 1521 844 1580; x_wconf 90' lang='lat' dir='ltr'><strong>alter-</strong></span> 
     </span>
     <span class='ocr_line' id='line_1_13' title="bbox 81 1607 845 1694; baseline -0.029 -7"><span class='ocrx_word' id='word_1_73' title='bbox 81 1626 228 1686; x_wconf 89' lang='lat' dir='ltr'><strong>cationem</strong></span> <span class='ocrx_word' id='word_1_74' title='bbox 243 1622 390 1694; x_wconf 88' lang='lat' dir='ltr'><strong>retulerit,</strong></span> <span class='ocrx_word' id='word_1_75' title='bbox 401 1632 433 1678; x_wconf 90' lang='lat' dir='ltr'><strong>ut</strong></span> <span class='ocrx_word' id='word_1_76' title='bbox 444 1618 520 1692; x_wconf 85' lang='lat' dir='ltr'><strong>haec,</strong></span> <span class='ocrx_word' id='word_1_77' title='bbox 536 1635 600 1694; x_wconf 84' lang='lat' dir='ltr'><strong>quae</strong></span> <span class='ocrx_word' id='word_1_78' title='bbox 613 1625 679 1674; x_wconf 86' lang='lat' dir='ltr'><strong>sunt</strong></span> <span class='ocrx_word' id='word_1_79' title='bbox 689 1609 766 1690; x_wconf 90' lang='lat' dir='ltr'><strong>apud</strong></span> <span class='ocrx_word' id='word_1_80' title='bbox 781 1607 845 1667; x_wconf 91' lang='lat' dir='ltr'><strong>Sui·</strong></span> 
     </span>
    </p>
   </div>
   <div class='ocr_carea' id='block_1_7' title="bbox 81 1693 844 1942">
    <p class='ocr_par' dir='ltr' id='par_1_7' title="bbox 81 1693 844 1942">
     <span class='ocr_line' id='line_1_14' title="bbox 81 1693 844 1789; baseline -0.03 -14"><span class='ocrx_word' id='word_1_81' title='bbox 81 1715 152 1774; x_wconf 85' lang='lat' dir='ltr'><strong>dam</strong></span> <span class='ocrx_word' id='word_1_82' title='bbox 163 1734 192 1772; x_wconf 84' lang='grc' dir='ltr'><strong>ν.</strong></span> <span class='ocrx_word' id='word_1_83' title='bbox 205 1710 274 1772; x_wconf 83' lang='grc' dir='ltr'><strong>Ὑπὸ</strong></span> <span class='ocrx_word' id='word_1_84' title='bbox 286 1707 364 1769; x_wconf 77' lang='grc' dir='ltr'>παντὶ</span> <span class='ocrx_word' id='word_1_85' title='bbox 373 1707 467 1789; x_wconf 74' lang='grc' dir='ltr'>λίθῳ...</span> <span class='ocrx_word' id='word_1_86' title='bbox 479 1705 614 1786; x_wconf 81' lang='grc' dir='ltr'>Σοφοκλῆς</span> <span class='ocrx_word' id='word_1_87' title='bbox 632 1693 844 1780; x_wconf 78' lang='grc' dir='ltr'>Αἷχμαλωεύσιν·</span> 
     </span>
     <span class='ocr_line' id='line_1_15' title="bbox 81 1833 844 1942; baseline -0.026 -22"><span class='ocrx_word' id='word_1_88' title='bbox 81 1857 171 1940; x_wconf 84' lang='grc'><strong>[161]</strong></span> <span class='ocrx_word' id='word_1_89' title='bbox 185 1837 227 1918; x_wconf 73' lang='lat' dir='ltr'><strong>liv</strong></span> <span class='ocrx_word' id='word_1_90' title='bbox 241 1848 335 1918; x_wconf 85' lang='grc' dir='ltr'>παντὶ</span> <span class='ocrx_word' id='word_1_91' title='bbox 347 1847 404 1942; x_wconf 77' lang='grc' dir='ltr'><strong>γάρ</strong></span> <span class='ocrx_word' id='word_1_92' title='bbox 417 1871 466 1913; x_wconf 84' lang='grc' dir='ltr'><strong>τοι</strong></span> <span class='ocrx_word' id='word_1_93' title='bbox 478 1839 619 1936; x_wconf 83' lang='grc' dir='ltr'>σκορπίος</span> <span class='ocrx_word' id='word_1_94' title='bbox 632 1833 844 1934; x_wconf 85' lang='grc' dir='ltr'>φρουρεῐλίθῳ.</span> 
     </span>
    </p>
   </div>
   <div class='ocr_carea' id='block_1_8' title="bbox 83 1978 849 2251">
    <p class='ocr_par' dir='ltr' id='par_1_8' title="bbox 83 1978 849 2251">
     <span class='ocr_line' id='line_1_16' title="bbox 83 1978 845 2078; baseline -0.031 -20"><span class='ocrx_word' id='word_1_95' title='bbox 83 1995 181 2078; x_wconf 80' lang='lat' dir='ltr'><strong>(unns.</strong></span> <span class='ocrx_word' id='word_1_96' title='bbox 212 1993 301 2052; x_wconf 86' lang='lat' dir='ltr'><strong>schol.</strong></span> <span class='ocrx_word' id='word_1_97' title='bbox 331 1988 468 2051; x_wconf 82' lang='lat' dir='ltr'><strong>Nicandri</strong></span> <span class='ocrx_word' id='word_1_98' title='bbox 497 1984 584 2044; x_wconf 86' lang='lat' dir='ltr'>Ther.</span> <span class='ocrx_word' id='word_1_99' title='bbox 614 2004 665 2060; x_wconf 84' lang='lat'><strong>19,</strong></span> <span class='ocrx_word' id='word_1_100' title='bbox 696 1978 845 2055; x_wconf 84' lang='lat' dir='ltr'><strong>Aristoph.</strong></span> 
     </span>
     <span class='ocr_line' id='line_1_17' title="bbox 83 2069 849 2160; baseline -0.031 -14"><span class='ocrx_word' id='word_1_101' title='bbox 83 2086 204 2146; x_wconf 89' lang='lat' dir='ltr'><strong>Thesm.</strong></span> <span class='ocrx_word' id='word_1_102' title='bbox 220 2083 295 2160; x_wconf 73' lang='lat'><strong>528.)</strong></span> <span class='ocrx_word' id='word_1_103' title='bbox 310 2081 364 2138; x_wconf 86' lang='lat' dir='ltr'><strong>llic</strong></span> <span class='ocrx_word' id='word_1_104' title='bbox 378 2089 472 2136; x_wconf 90' lang='lat' dir='ltr'><strong>autem</strong></span> <span class='ocrx_word' id='word_1_105' title='bbox 486 2073 617 2152; x_wconf 88' lang='lat' dir='ltr'><strong>scorpius</strong></span> <span class='ocrx_word' id='word_1_106' title='bbox 632 2069 748 2128; x_wconf 88' lang='lat' dir='ltr'><strong>Calchas</strong></span> <span class='ocrx_word' id='word_1_107' title='bbox 761 2079 817 2139; x_wconf 88' lang='lat' dir='ltr'><strong>est,</strong></span> <span class='ocrx_word' id='word_1_108' title='bbox 833 2084 849 2123; x_wconf 88' lang='lat' dir='ltr'><strong>a</strong></span> 
     </span>
     <span class='ocr_line' id='line_1_18' title="bbox 86 2153 849 2251; baseline -0.029 -18"><span class='ocrx_word' id='word_1_109' title='bbox 86 2191 149 2251; x_wconf 79' lang='grc' dir='ltr'><strong>Ιιριιο</strong></span> <span class='ocrx_word' id='word_1_110' title='bbox 158 2191 203 2230; x_wconf 76' lang='lat' dir='ltr'><strong>rea</strong></span> <span class='ocrx_word' id='word_1_111' title='bbox 219 2170 404 2247; x_wconf 87' lang='lat' dir='ltr'><strong>disceptatur.</strong></span> <span class='ocrx_word' id='word_1_112' title='bbox 417 2160 609 2242; x_wconf 77' lang='lat' dir='ltr'><strong>Harpocratio</strong></span> <span class='ocrx_word' id='word_1_113' title='bbox 619 2160 649 2217; x_wconf 91' lang='lat' dir='ltr'><strong>in</strong></span> <span class='ocrx_word' id='word_1_114' title='bbox 661 2153 829 2234; x_wconf 78' lang='grc' dir='ltr'>Ἀπομύττωι</span> <span class='ocrx_word' id='word_1_115' title='bbox 842 2175 849 2210; x_wconf 80' lang='lat' dir='ltr'>z</span> 
     </span>
    </p>
   </div>
   <div class='ocr_carea' id='block_1_9' title="bbox 87 2259 851 2574">
    <p class='ocr_par' dir='ltr' id='par_1_9' title="bbox 87 2259 851 2574">
     <span class='ocr_line' id='line_1_19' title="bbox 87 2259 337 2340; baseline -0.04 -17"><span class='ocrx_word' id='word_1_116' title='bbox 87 2263 122 2322; x_wconf 90' lang='grc' dir='ltr'><strong>Σ.</strong></span> <span class='ocrx_word' id='word_1_117' title='bbox 135 2259 337 2340; x_wconf 78' lang='grc' dir='ltr'>Λίχμαλιαιῐσι·</span> 
     </span>
     <span class='ocr_line' id='line_1_20' title="bbox 87 2359 851 2477; baseline -0.031 -22"><span class='ocrx_word' id='word_1_118' title='bbox 87 2392 173 2474; x_wconf 83' lang='grc'><strong>[168]</strong></span> <span class='ocrx_word' id='word_1_119' title='bbox 184 2387 325 2477; x_wconf 83' lang='grc' dir='ltr'>Στρατοῦ</span> <span class='ocrx_word' id='word_1_120' title='bbox 337 2378 489 2472; x_wconf 77' lang='grc' dir='ltr'>καθαρτὴς</span> <span class='ocrx_word' id='word_1_121' title='bbox 498 2367 751 2468; x_wconf 79' lang='grc' dir='ltr'>κοὶπομαγμούτων</span> <span class='ocrx_word' id='word_1_122' title='bbox 762 2359 851 2460; x_wconf 75' lang='grc' dir='ltr'>ἴδρις,</span> 
     </span>
     <span class='ocr_line' id='line_1_21' title="bbox 89 2511 249 2574; baseline -0.031 0"><span class='ocrx_word' id='word_1_123' title='bbox 89 2512 138 2574; x_wconf 76' lang='grc' dir='ltr'>καλ</span> <span class='ocrx_word' id='word_1_124' title='bbox 153 2511 249 2572; x_wconf 76' lang='grc' dir='ltr'>πάλιν·</span> 
     </span>
    </p>
   </div>
   <div class='ocr_carea' id='block_1_10' title="bbox 88 2631 855 2840">
    <p class='ocr_par' dir='ltr' id='par_1_10' title="bbox 88 2631 855 2840">
     <span class='ocr_line' id='line_1_22' title="bbox 88 2631 855 2730; baseline -0.018 -21"><span class='ocrx_word' id='word_1_125' title='bbox 88 2647 175 2728; x_wconf 79' lang='grc'><strong>[159]</strong></span> <span class='ocrx_word' id='word_1_126' title='bbox 189 2641 371 2718; x_wconf 86' lang='grc' dir='ltr'>Δεινύτατος</span> <span class='ocrx_word' id='word_1_127' title='bbox 383 2634 566 2730; x_wconf 82' lang='grc' dir='ltr'>ἀπομούκτης</span> <span class='ocrx_word' id='word_1_128' title='bbox 578 2659 613 2702; x_wconf 85' lang='grc' dir='ltr'>τε</span> <span class='ocrx_word' id='word_1_129' title='bbox 630 2631 768 2727; x_wconf 64' lang='grc' dir='ltr'>μεγάλων</span> <span class='ocrx_word' id='word_1_130' title='bbox 782 2655 855 2719; x_wconf 86' lang='grc' dir='ltr'>συμ-</span> 
     </span>
     <span class='ocr_line' id='line_1_23' title="bbox 672 2771 782 2840; baseline -0.027 -27"><span class='ocrx_word' id='word_1_131' title='bbox 672 2771 782 2840; x_wconf 86' lang='grc' dir='ltr'>ρορων.</span> 
     </span>
    </p>
   </div>
   <div class='ocr_carea' id='block_1_11' title="bbox 88 2871 858 3044">
    <p class='ocr_par' dir='ltr' id='par_1_11' title="bbox 88 2871 858 3044">
     <span class='ocr_line' id='line_1_24' title="bbox 88 2871 858 2967; baseline -0.022 -22"><span class='ocrx_word' id='word_1_132' title='bbox 88 2871 858 2967; x_wconf 65' lang='lat' dir='ltr'><strong>fflesychim:&#39;imprimenapaaaiaiprqe.)Descripsit</strong></span> 
     </span>
     <span class='ocr_line' id='line_1_25' title="bbox 90 2962 858 3044; baseline -0.022 -11"><span class='ocrx_word' id='word_1_133' title='bbox 90 2972 198 3033; x_wconf 90' lang='lat' dir='ltr'><strong>deinde</strong></span> <span class='ocrx_word' id='word_1_134' title='bbox 211 2982 331 3029; x_wconf 87' lang='lat' dir='ltr'><strong>mortem</strong></span> <span class='ocrx_word' id='word_1_135' title='bbox 343 2968 539 3044; x_wconf 79' lang='lat' dir='ltr'><strong>Astyanactis,</strong></span> <span class='ocrx_word' id='word_1_136' title='bbox 554 2983 640 3042; x_wconf 91' lang='lat' dir='ltr'><strong>quarn</strong></span> <span class='ocrx_word' id='word_1_137' title='bbox 653 2962 782 3020; x_wconf 88' lang='lat' dir='ltr'><strong>omnium</strong></span> <span class='ocrx_word' id='word_1_138' title='bbox 794 2979 858 3017; x_wconf 91' lang='lat' dir='ltr'><strong>ma-</strong></span> 
     </span>
    </p>
   </div>
   <div class='ocr_carea' id='block_1_12' title="bbox 90 3046 858 3316">
    <p class='ocr_par' dir='ltr' id='par_1_12' title="bbox 90 3046 858 3316">
     <span class='ocr_line' id='line_1_26' title="bbox 90 3046 856 3126; baseline -0.021 -5"><span class='ocrx_word' id='word_1_139' title='bbox 90 3063 172 3121; x_wconf 79' lang='lat' dir='ltr'><strong>xime</strong></span> <span class='ocrx_word' id='word_1_140' title='bbox 194 3057 384 3118; x_wconf 80' lang='lat' dir='ltr'><strong>miserabilem</strong></span> <span class='ocrx_word' id='word_1_141' title='bbox 399 3055 485 3115; x_wconf 86' lang='lat' dir='ltr'><strong>fuisse</strong></span> <span class='ocrx_word' id='word_1_142' title='bbox 497 3055 546 3114; x_wconf 90' lang='lat' dir='ltr'><strong>ait.</strong></span> <span class='ocrx_word' id='word_1_143' title='bbox 560 3057 623 3112; x_wconf 81' lang='lat' dir='ltr'><strong>Huc</strong></span> <span class='ocrx_word' id='word_1_144' title='bbox 643 3051 765 3110; x_wconf 85' lang='lat' dir='ltr'><strong>reseram</strong></span> <span class='ocrx_word' id='word_1_145' title='bbox 777 3046 856 3126; x_wconf 90' lang='lat' dir='ltr'><strong>quod</strong></span> 
     </span>
     <span class='ocr_line' id='line_1_27' title="bbox 91 3135 858 3225; baseline -0.023 -15"><span class='ocrx_word' id='word_1_146' title='bbox 91 3148 185 3210; x_wconf 89' lang='lat' dir='ltr'><strong>habet</strong></span> <span class='ocrx_word' id='word_1_147' title='bbox 193 3146 373 3225; x_wconf 87' lang='lat' dir='ltr'><strong>Stephanus:</strong></span> <span class='ocrx_word' id='word_1_148' title='bbox 389 3139 494 3222; x_wconf 85' lang='grc' dir='ltr'>Χρύση,</span> <span class='ocrx_word' id='word_1_149' title='bbox 513 3138 621 3213; x_wconf 81' lang='grc' dir='ltr'>ἡπόλις</span> <span class='ocrx_word' id='word_1_150' title='bbox 633 3143 680 3197; x_wconf 80' lang='grc' dir='ltr'>τοῦ</span> <span class='ocrx_word' id='word_1_151' title='bbox 697 3135 858 3202; x_wconf 78' lang='grc' dir='ltr'>Ἀπολλωνος</span> 
     </span>
     <span class='ocr_line' id='line_1_28' title="bbox 92 3223 726 3316; baseline -0.019 -20"><span class='ocrx_word' id='word_1_152' title='bbox 92 3233 173 3316; x_wconf 73' lang='grc' dir='ltr'>ἐγγύς</span> <span class='ocrx_word' id='word_1_153' title='bbox 184 3233 302 3312; x_wconf 79' lang='grc' dir='ltr'>Λήμνου.</span> <span class='ocrx_word' id='word_1_154' title='bbox 318 3231 454 3313; x_wconf 87' lang='grc' dir='ltr'>Σοφοκλῆς</span> <span class='ocrx_word' id='word_1_155' title='bbox 467 3231 494 3288; x_wconf 72' lang='grc' dir='ltr'><strong>ἐν</strong></span> <span class='ocrx_word' id='word_1_156' title='bbox 510 3223 726 3308; x_wconf 78' lang='grc' dir='ltr'>Αἰχμιιλοιτύσιν·</span> 
     </span>
    </p>
   </div>
   <div class='ocr_carea' id='block_1_13' title="bbox 91 3358 795 3458">
    <p class='ocr_par' dir='ltr' id='par_1_13' title="bbox 91 3358 795 3458">
     <span class='ocr_line' id='line_1_29' title="bbox 91 3358 795 3458; baseline -0.009 -24"><span class='ocrx_word' id='word_1_157' title='bbox 91 3371 179 3454; x_wconf 77' lang='grc'><strong>[160]</strong></span> <span class='ocrx_word' id='word_1_158' title='bbox 206 3363 327 3438; x_wconf 80' lang='grc' dir='ltr'>Ταύτην</span> <span class='ocrx_word' id='word_1_159' title='bbox 341 3366 399 3458; x_wconf 76' lang='grc' dir='ltr'><strong>ἐγὼ</strong></span> <span class='ocrx_word' id='word_1_160' title='bbox 415 3358 531 3429; x_wconf 67' lang='lat' dir='ltr'><strong>Kition</strong></span> <span class='ocrx_word' id='word_1_161' title='bbox 545 3387 579 3428; x_wconf 88' lang='grc' dir='ltr'>τε</span> <span class='ocrx_word' id='word_1_162' title='bbox 594 3361 645 3428; x_wconf 86' lang='grc' dir='ltr'>καὶ</span> <span class='ocrx_word' id='word_1_163' title='bbox 660 3361 795 3454; x_wconf 86' lang='grc' dir='ltr'>Χρύσην.</span> 
     </span>
    </p>
   </div>
   <div class='ocr_carea' id='block_1_14' title="bbox 95 3495 861 3841">
    <p class='ocr_par' dir='ltr' id='par_1_14' title="bbox 95 3495 861 3748">
     <span class='ocr_line' id='line_1_30' title="bbox 96 3495 861 3578; baseline -0.005 -22"><span class='ocrx_word' id='word_1_164' title='bbox 96 3529 110 3556; x_wconf 72' lang='grc' dir='ltr'>ι</span> <span class='ocrx_word' id='word_1_165' title='bbox 122 3505 205 3560; x_wconf 86' lang='lat' dir='ltr'><strong>Hanc</strong></span> <span class='ocrx_word' id='word_1_166' title='bbox 216 3520 270 3578; x_wconf 93' lang='lat' dir='ltr'><strong>ego</strong></span> <span class='ocrx_word' id='word_1_167' title='bbox 289 3501 448 3576; x_wconf 90' lang='lat' dir='ltr'><strong>Cillamque</strong></span> <span class='ocrx_word' id='word_1_168' title='bbox 468 3511 497 3558; x_wconf 90' lang='lat' dir='ltr'><strong>et</strong></span> <span class='ocrx_word' id='word_1_169' title='bbox 515 3497 654 3574; x_wconf 89' lang='lat' dir='ltr'><strong>Chrysam</strong></span> <span class='ocrx_word' id='word_1_170' title='bbox 667 3495 751 3554; x_wconf 74' lang='lat' dir='ltr'><strong>»vidi</strong></span> <span class='ocrx_word' id='word_1_171' title='bbox 774 3495 861 3553; x_wconf 90' lang='lat' dir='ltr'><strong>deva·</strong></span> 
     </span>
     <span class='ocr_line' id='line_1_31' title="bbox 95 3583 860 3663; baseline -0.014 -12"><span class='ocrx_word' id='word_1_172' title='bbox 95 3590 179 3662; x_wconf 83' lang='lat' dir='ltr'><strong>stari,</strong></span> <span class='ocrx_word' id='word_1_173' title='bbox 195 3588 245 3648; x_wconf 84' lang='lat' dir='ltr'><strong>sed</strong></span> <span class='ocrx_word' id='word_1_174' title='bbox 254 3587 446 3646; x_wconf 86' lang='lat' dir='ltr'><strong>miserabilior</strong></span> <span class='ocrx_word' id='word_1_175' title='bbox 455 3586 640 3663; x_wconf 85' lang='lat' dir='ltr'><strong>interemptio</strong></span> <span class='ocrx_word' id='word_1_176' title='bbox 652 3585 734 3662; x_wconf 91' lang='lat' dir='ltr'><strong>pueri</strong></span> <span class='ocrx_word' id='word_1_177' title='bbox 746 3583 809 3641; x_wconf 81' lang='lat' dir='ltr'><strong>tuit.</strong></span> <span class='ocrx_word' id='word_1_178' title='bbox 819 3583 860 3662; x_wconf 88' lang='lat' dir='ltr'><strong>(Si</strong></span> 
     </span>
     <span class='ocr_line' id='line_1_32' title="bbox 100 3671 858 3748; baseline -0.011 -11"><span class='ocrx_word' id='word_1_179' title='bbox 100 3679 227 3738; x_wconf 77' lang='lat' dir='ltr'><strong>Achilles</strong></span> <span class='ocrx_word' id='word_1_180' title='bbox 237 3675 420 3736; x_wconf 87' lang='lat' dir='ltr'><strong>introductus</strong></span> <span class='ocrx_word' id='word_1_181' title='bbox 433 3675 486 3748; x_wconf 89' lang='lat' dir='ltr'><strong>sit,</strong></span> <span class='ocrx_word' id='word_1_182' title='bbox 496 3674 564 3732; x_wconf 92' lang='lat' dir='ltr'><strong>huic</strong></span> <span class='ocrx_word' id='word_1_183' title='bbox 575 3673 728 3732; x_wconf 82' lang='lat' dir='ltr'><strong>conveniat</strong></span> <span class='ocrx_word' id='word_1_184' title='bbox 738 3671 858 3747; x_wconf 81' lang='lat' dir='ltr'><strong>versus.)</strong></span> 
     </span>
    </p>

    <p class='ocr_par' dir='ltr' id='par_1_15' title="bbox 139 3758 861 3841">
     <span class='ocr_line' id='line_1_33' title="bbox 139 3758 861 3841; baseline -0.014 -15"><span class='ocrx_word' id='word_1_185' title='bbox 139 3771 161 3826; x_wconf 86' lang='lat' dir='ltr'><strong>F</strong></span> <span class='ocrx_word' id='word_1_186' title='bbox 162 3767 219 3824; x_wconf 86' lang='lat' dir='ltr'><strong>init</strong></span> <span class='ocrx_word' id='word_1_187' title='bbox 240 3765 368 3822; x_wconf 91' lang='lat' dir='ltr'><strong>narratio</strong></span> <span class='ocrx_word' id='word_1_188' title='bbox 379 3783 464 3822; x_wconf 85' lang='lat' dir='ltr'><strong>versu</strong></span> <span class='ocrx_word' id='word_1_189' title='bbox 474 3760 552 3841; x_wconf 89' lang='lat' dir='ltr'><strong>apud</strong></span> <span class='ocrx_word' id='word_1_190' title='bbox 563 3761 652 3820; x_wconf 90' lang='lat' dir='ltr'><strong>schol.</strong></span> <span class='ocrx_word' id='word_1_191' title='bbox 663 3759 806 3837; x_wconf 67' lang='lat' dir='ltr'><strong>aristoph.</strong></span> <span class='ocrx_word' id='word_1_192' title='bbox 825 3758 861 3816; x_wconf 91' lang='lat' dir='ltr'><strong>ad</strong></span> 
     </span>
    </p>
   </div>
   <div class='ocr_carea' id='block_1_15' title="bbox 100 3935 613 4023">
    <p class='ocr_par' dir='ltr' id='par_1_16' title="bbox 100 3935 613 4023">
     <span class='ocr_line' id='line_1_34' title="bbox 100 3935 613 4023; baseline -0.01 -23"><span class='ocrx_word' id='word_1_193' title='bbox 100 3943 227 4023; x_wconf 74' lang='grc' dir='ltr'>ἐχρῶντο.</span> <span class='ocrx_word' id='word_1_194' title='bbox 242 3941 381 4022; x_wconf 87' lang='grc' dir='ltr'>Σοφοκλῆς</span> <span class='ocrx_word' id='word_1_195' title='bbox 395 3935 613 4018; x_wconf 73' lang='grc' dir='ltr'>λὶχμαλιοτύσιν·</span> 
     </span>
    </p>
   </div>
   <div class='ocr_carea' id='block_1_16' title="bbox 99 4061 820 4169">
    <p class='ocr_par' dir='ltr' id='par_1_17' title="bbox 99 4061 820 4169">
     <span class='ocr_line' id='line_1_35' title="bbox 99 4061 820 4169; baseline -0.011 -28"><span class='ocrx_word' id='word_1_196' title='bbox 99 4081 185 4162; x_wconf 86' lang='grc'><strong>[161]</strong></span> <span class='ocrx_word' id='word_1_197' title='bbox 211 4061 347 4169; x_wconf 77' lang='grc' dir='ltr'>Ῠφηρέθη</span> <span class='ocrx_word' id='word_1_198' title='bbox 362 4101 415 4143; x_wconf 87' lang='grc' dir='ltr'>σου</span> <span class='ocrx_word' id='word_1_199' title='bbox 427 4072 563 4165; x_wconf 79' lang='grc' dir='ltr'>ιιοῖλαμος</span> <span class='ocrx_word' id='word_1_200' title='bbox 580 4067 705 4163; x_wconf 82' lang='grc' dir='ltr'>ὡσπερεὶ</span> <span class='ocrx_word' id='word_1_201' title='bbox 716 4069 820 4162; x_wconf 85' lang='grc' dir='ltr'>λύρας.</span> 
     </span>
    </p>
   </div>
   <div class='ocr_carea' id='block_1_17' title="bbox 101 4184 865 4451">
    <p class='ocr_par' dir='ltr' id='par_1_18' title="bbox 101 4184 865 4451">
     <span class='ocr_line' id='line_1_36' title="bbox 102 4184 865 4274; baseline -0.017 -18"><span class='ocrx_word' id='word_1_202' title='bbox 102 4197 146 4256; x_wconf 82' lang='lat' dir='ltr'><strong>ad</strong></span> <span class='ocrx_word' id='word_1_203' title='bbox 164 4217 230 4267; x_wconf 88' lang='lat' dir='ltr'><strong>eos,</strong></span> <span class='ocrx_word' id='word_1_204' title='bbox 249 4195 301 4274; x_wconf 90' lang='lat' dir='ltr'><strong>qui</strong></span> <span class='ocrx_word' id='word_1_205' title='bbox 322 4194 492 4265; x_wconf 81' lang='lat' dir='ltr'><strong>adsuerunt,</strong></span> <span class='ocrx_word' id='word_1_206' title='bbox 514 4209 629 4250; x_wconf 90' lang='lat' dir='ltr'><strong>versum</strong></span> <span class='ocrx_word' id='word_1_207' title='bbox 647 4190 768 4248; x_wconf 86' lang='lat' dir='ltr'><strong>reseram</strong></span> <span class='ocrx_word' id='word_1_208' title='bbox 787 4184 865 4266; x_wconf 90' lang='lat' dir='ltr'><strong>apud</strong></span> 
     </span>
     <span class='ocr_line' id='line_1_37' title="bbox 101 4271 865 4361; baseline -0.016 -19"><span class='ocrx_word' id='word_1_209' title='bbox 101 4284 301 4361; x_wconf 85' lang='lat' dir='ltr'><strong>Stephanum:</strong></span> <span class='ocrx_word' id='word_1_210' title='bbox 314 4277 432 4359; x_wconf 81' lang='grc' dir='ltr'>Εὐρώπη</span> <span class='ocrx_word' id='word_1_211' title='bbox 494 4275 653 4356; x_wconf 73' lang='grc' dir='ltr'>λέγεταικαὶ</span> <span class='ocrx_word' id='word_1_212' title='bbox 667 4271 808 4355; x_wconf 80' lang='grc' dir='ltr'>Εὐρώπεια</span> <span class='ocrx_word' id='word_1_213' title='bbox 820 4271 865 4331; x_wconf 77' lang='grc' dir='ltr'>καλ</span> 
     </span>
     <span class='ocr_line' id='line_1_38' title="bbox 104 4356 849 4451; baseline -0.012 -22"><span class='ocrx_word' id='word_1_214' title='bbox 104 4368 149 4430; x_wconf 69' lang='grc' dir='ltr'>διὰ</span> <span class='ocrx_word' id='word_1_215' title='bbox 162 4375 209 4431; x_wconf 81' lang='grc' dir='ltr'>τοῦ</span> <span class='ocrx_word' id='word_1_216' title='bbox 226 4393 234 4430; x_wconf 93' lang='grc' dir='ltr'>ι</span> <span class='ocrx_word' id='word_1_217' title='bbox 248 4367 377 4450; x_wconf 84' lang='grc' dir='ltr'>Εὖρωπία</span> <span class='ocrx_word' id='word_1_218' title='bbox 386 4364 459 4451; x_wconf 68' lang='grc' dir='ltr'>παρὰ</span> <span class='ocrx_word' id='word_1_219' title='bbox 469 4366 599 4448; x_wconf 79' lang='grc' dir='ltr'>Σοφοκλεῖ</span> <span class='ocrx_word' id='word_1_220' title='bbox 610 4365 636 4423; x_wconf 81' lang='grc' dir='ltr'><strong>ἐν</strong></span> <span class='ocrx_word' id='word_1_221' title='bbox 646 4356 849 4442; x_wconf 79' lang='grc' dir='ltr'>Αἰχμαλοπύσι·</span> 
     </span>
    </p>
   </div>
   <div class='ocr_carea' id='block_1_18' title="bbox 104 4486 819 4588">
    <p class='ocr_par' dir='ltr' id='par_1_19' title="bbox 104 4486 819 4588">
     <span class='ocr_line' id='line_1_39' title="bbox 104 4486 819 4588; baseline 0.004 -24"><span class='ocrx_word' id='word_1_222' title='bbox 104 4503 189 4584; x_wconf 81' lang='grc'><strong>[161]</strong></span> <span class='ocrx_word' id='word_1_223' title='bbox 215 4500 277 4566; x_wconf 84' lang='grc' dir='ltr'><strong>Καὶ</strong></span> <span class='ocrx_word' id='word_1_224' title='bbox 292 4501 442 4575; x_wconf 87' lang='grc' dir='ltr'>νησιώτας</span> <span class='ocrx_word' id='word_1_225' title='bbox 454 4495 505 4563; x_wconf 88' lang='grc' dir='ltr'>καὶ</span> <span class='ocrx_word' id='word_1_226' title='bbox 518 4497 634 4588; x_wconf 78' lang='grc' dir='ltr'>μακραῖς</span> <span class='ocrx_word' id='word_1_227' title='bbox 650 4486 819 4585; x_wconf 71' lang='grc' dir='ltr'>Εὐρωπίας·</span> 
     </span>
    </p>
   </div>
   <div class='ocr_carea' id='block_1_19' title="bbox 1586 431 1643 484">
    <p class='ocr_par' dir='ltr' id='par_1_20' title="bbox 1586 431 1643 484">
     <span class='ocr_line' id='line_1_40' title="bbox 1586 431 1643 484; baseline -0.088 1"><span class='ocrx_word' id='word_1_228' title='bbox 1586 431 1643 484; x_wconf 70' lang='grc'><strong>777</strong></span> 
     </span>
    </p>
   </div>
   <div class='ocr_carea' id='block_1_20' title="bbox 887 554 1762 3889">
    <p class='ocr_par' dir='ltr' id='par_1_21' title="bbox 887 554 1670 3336">
     <span class='ocr_line' id='line_1_41' title="bbox 887 554 1647 636; baseline -0.004 -21"><span class='ocrx_word' id='word_1_229' title='bbox 887 554 1099 616; x_wconf 78' lang='lat' dir='ltr'><strong>Bruncliusaal</strong></span> <span class='ocrx_word' id='word_1_230' title='bbox 1109 554 1223 636; x_wconf 74' lang='grc' dir='ltr'>μακρὰν,</span> <span class='ocrx_word' id='word_1_231' title='bbox 1233 579 1246 608; x_wconf 73' lang='grc' dir='ltr'>α</span> <span class='ocrx_word' id='word_1_232' title='bbox 1255 555 1342 632; x_wconf 89' lang='lat' dir='ltr'><strong>longe</strong></span> <span class='ocrx_word' id='word_1_233' title='bbox 1352 554 1389 612; x_wconf 88' lang='lat' dir='ltr'><strong>ab</strong></span> <span class='ocrx_word' id='word_1_234' title='bbox 1401 557 1517 633; x_wconf 83' lang='lat' dir='ltr'><strong>Europa</strong></span> <span class='ocrx_word' id='word_1_235' title='bbox 1525 576 1547 628; x_wconf 78' lang='grc' dir='ltr'><strong>ις</strong></span> <span class='ocrx_word' id='word_1_236' title='bbox 1558 558 1647 634; x_wconf 87' lang='lat' dir='ltr'><strong>Berg-</strong></span> 
     </span>
     <span class='ocr_line' id='line_1_42' title="bbox 888 641 1649 726; baseline 0 -24"><span class='ocrx_word' id='word_1_237' title='bbox 888 645 954 704; x_wconf 82' lang='lat' dir='ltr'><strong>kius</strong></span> <span class='ocrx_word' id='word_1_238' title='bbox 967 646 1020 704; x_wconf 78' lang='grc' dir='ltr'>κάκ</span> <span class='ocrx_word' id='word_1_239' title='bbox 1036 652 1146 726; x_wconf 74' lang='grc' dir='ltr'>μακρᾶς.</span> <span class='ocrx_word' id='word_1_240' title='bbox 1159 644 1254 720; x_wconf 81' lang='lat' dir='ltr'><strong>Vulgo</strong></span> <span class='ocrx_word' id='word_1_241' title='bbox 1271 641 1381 722; x_wconf 81' lang='grc' dir='ltr'>μακράς.</span> <span class='ocrx_word' id='word_1_242' title='bbox 1402 644 1533 700; x_wconf 85' lang='lat' dir='ltr'><strong>Incertus</strong></span> <span class='ocrx_word' id='word_1_243' title='bbox 1548 662 1649 704; x_wconf 86' lang='lat' dir='ltr'><strong>versus</strong></span> 
     </span>
     <span class='ocr_line' id='line_1_43' title="bbox 890 729 1650 812; baseline -0.005 -20"><span class='ocrx_word' id='word_1_244' title='bbox 890 746 933 792; x_wconf 89' lang='lat' dir='ltr'><strong>est</strong></span> <span class='ocrx_word' id='word_1_245' title='bbox 945 732 1022 812; x_wconf 90' lang='lat' dir='ltr'><strong>apud</strong></span> <span class='ocrx_word' id='word_1_246' title='bbox 1035 732 1210 809; x_wconf 87' lang='lat' dir='ltr'><strong>llesycbium</strong></span> <span class='ocrx_word' id='word_1_247' title='bbox 1220 729 1552 812; x_wconf 81' lang='grc' dir='ltr'>ν.Ἆμρ1λινακρούπαλα.</span> <span class='ocrx_word' id='word_1_248' title='bbox 1566 731 1650 809; x_wconf 87' lang='grc' dir='ltr'>Σορο-</span> 
     </span>
     <span class='ocr_line' id='line_1_44' title="bbox 890 815 1651 899; baseline -0.007 -19"><span class='ocrx_word' id='word_1_249' title='bbox 890 821 955 892; x_wconf 90' lang='grc' dir='ltr'>κλῆς</span> <span class='ocrx_word' id='word_1_250' title='bbox 969 819 1168 899; x_wconf 77' lang='grc' dir='ltr'>Αἰχμαλωτύσι·</span> <span class='ocrx_word' id='word_1_251' title='bbox 1186 817 1268 896; x_wconf 79' lang='lat' dir='ltr'><strong>[tea]</strong></span> <span class='ocrx_word' id='word_1_252' title='bbox 1282 847 1293 868; x_wconf 79' lang='grc' dir='ltr'>ι</span> <span class='ocrx_word' id='word_1_253' title='bbox 1302 815 1390 898; x_wconf 70' lang='grc' dir='ltr'>παι-[ρ</span> <span class='ocrx_word' id='word_1_254' title='bbox 1401 815 1429 875; x_wconf 70' lang='grc' dir='ltr'><strong>δὲ</strong></span> <span class='ocrx_word' id='word_1_255' title='bbox 1442 815 1555 897; x_wconf 81' lang='grc' dir='ltr'>χρυσδύς</span> <span class='ocrx_word' id='word_1_256' title='bbox 1569 817 1651 899; x_wconf 78' lang='grc' dir='ltr'>ἀμφί-</span> 
     </span>
     <span class='ocr_line' id='line_1_45' title="bbox 890 904 1649 987; baseline -0.007 -20"><span class='ocrx_word' id='word_1_257' title='bbox 890 909 950 967; x_wconf 87' lang='grc' dir='ltr'>λινα</span> <span class='ocrx_word' id='word_1_258' title='bbox 961 906 1107 987; x_wconf 89' lang='grc' dir='ltr'>κρούπαλα.</span> <span class='ocrx_word' id='word_1_259' title='bbox 1121 932 1133 959; x_wconf 79' lang='grc' dir='ltr'>ι</span> <span class='ocrx_word' id='word_1_260' title='bbox 1148 907 1232 965; x_wconf 86' lang='lat' dir='ltr'><strong>Varie</strong></span> <span class='ocrx_word' id='word_1_261' title='bbox 1246 927 1263 964; x_wconf 90' lang='lat' dir='ltr'><strong>a</strong></span> <span class='ocrx_word' id='word_1_262' title='bbox 1276 905 1345 965; x_wconf 88' lang='lat' dir='ltr'><strong>viris</strong></span> <span class='ocrx_word' id='word_1_263' title='bbox 1367 904 1461 963; x_wconf 89' lang='lat' dir='ltr'><strong>doctis</strong></span> <span class='ocrx_word' id='word_1_264' title='bbox 1474 905 1563 964; x_wconf 86' lang='lat' dir='ltr'><strong>verba</strong></span> <span class='ocrx_word' id='word_1_265' title='bbox 1582 926 1649 963; x_wconf 89' lang='lat' dir='ltr'><strong>cor-</strong></span> 
     </span>
     <span class='ocr_line' id='line_1_46' title="bbox 893 983 1651 1064; baseline -0.004 -10"><span class='ocrx_word' id='word_1_266' title='bbox 893 1008 969 1054; x_wconf 88' lang='lat' dir='ltr'><strong>recta</strong></span> <span class='ocrx_word' id='word_1_267' title='bbox 977 994 1204 1054; x_wconf 80' lang='lat' dir='ltr'><strong>suntllidentur</strong></span> <span class='ocrx_word' id='word_1_268' title='bbox 1214 983 1297 1052; x_wconf 88' lang='lat' dir='ltr'><strong>chori</strong></span> <span class='ocrx_word' id='word_1_269' title='bbox 1307 994 1433 1052; x_wconf 89' lang='lat' dir='ltr'><strong>carmina</strong></span> <span class='ocrx_word' id='word_1_270' title='bbox 1442 992 1570 1051; x_wconf 88' lang='lat' dir='ltr'><strong>insecuta</strong></span> <span class='ocrx_word' id='word_1_271' title='bbox 1580 1012 1651 1064; x_wconf 88' lang='lat' dir='ltr'><strong>esse,</strong></span> 
     </span>
     <span class='ocr_line' id='line_1_47' title="bbox 893 1081 1652 1161; baseline -0.003 -19"><span class='ocrx_word' id='word_1_272' title='bbox 893 1083 998 1161; x_wconf 88' lang='lat' dir='ltr'><strong>quibus</strong></span> <span class='ocrx_word' id='word_1_273' title='bbox 1009 1083 1186 1142; x_wconf 88' lang='lat' dir='ltr'><strong>incrementa</strong></span> <span class='ocrx_word' id='word_1_274' title='bbox 1201 1082 1342 1140; x_wconf 89' lang='lat' dir='ltr'><strong>malorum</strong></span> <span class='ocrx_word' id='word_1_275' title='bbox 1363 1081 1536 1160; x_wconf 80' lang='lat' dir='ltr'><strong>deploravit.</strong></span> <span class='ocrx_word' id='word_1_276' title='bbox 1558 1083 1652 1160; x_wconf 84' lang='lat' dir='ltr'><strong>Hesy-</strong></span> 
     </span>
     <span class='ocr_line' id='line_1_48' title="bbox 893 1165 1651 1248; baseline -0.004 -19"><span class='ocrx_word' id='word_1_277' title='bbox 893 1170 987 1244; x_wconf 89' lang='lat' dir='ltr'><strong>chius,</strong></span> <span class='ocrx_word' id='word_1_278' title='bbox 1001 1170 1084 1248; x_wconf 82' lang='lat' dir='ltr'><strong>[tot]</strong></span> <span class='ocrx_word' id='word_1_279' title='bbox 1102 1197 1114 1221; x_wconf 73' lang='grc' dir='ltr'>ε</span> <span class='ocrx_word' id='word_1_280' title='bbox 1127 1165 1314 1246; x_wconf 74' lang='grc' dir='ltr'>ἐπιμάσσεται,</span> <span class='ocrx_word' id='word_1_281' title='bbox 1326 1193 1339 1220; x_wconf 82' lang='grc' dir='ltr'>ι</span> <span class='ocrx_word' id='word_1_282' title='bbox 1356 1165 1494 1236; x_wconf 76' lang='grc' dir='ltr'>ἐπαύξεται</span> <span class='ocrx_word' id='word_1_283' title='bbox 1507 1165 1551 1226; x_wconf 72' lang='grc' dir='ltr'><strong>ἐπὶ</strong></span> <span class='ocrx_word' id='word_1_284' title='bbox 1564 1168 1651 1226; x_wconf 82' lang='grc' dir='ltr'>πλέον.</span> 
     </span>
     <span class='ocr_line' id='line_1_49' title="bbox 894 1254 1654 1336; baseline -0.008 -18"><span class='ocrx_word' id='word_1_285' title='bbox 894 1259 929 1318; x_wconf 89' lang='grc' dir='ltr'><strong>Σ.</strong></span> <span class='ocrx_word' id='word_1_286' title='bbox 942 1256 1153 1336; x_wconf 69' lang='grc' dir='ltr'>Αἶχμαλωκίσιν.</span> <span class='ocrx_word' id='word_1_287' title='bbox 1168 1261 1334 1314; x_wconf 88' lang='lat' dir='ltr'><strong>Detestatur</strong></span> <span class='ocrx_word' id='word_1_288' title='bbox 1350 1254 1457 1313; x_wconf 86' lang='lat' dir='ltr'><strong>lactum</strong></span> <span class='ocrx_word' id='word_1_289' title='bbox 1470 1255 1551 1332; x_wconf 84' lang='grc'><strong>[165]</strong></span> <span class='ocrx_word' id='word_1_290' title='bbox 1565 1257 1654 1326; x_wconf 77' lang='grc' dir='ltr'>«ἀνη-</span> 
     </span>
     <span class='ocr_line' id='line_1_50' title="bbox 895 1340 1655 1420; baseline -0.003 -16"><span class='ocrx_word' id='word_1_291' title='bbox 895 1344 976 1420; x_wconf 74' lang='grc' dir='ltr'>κές,ν</span> <span class='ocrx_word' id='word_1_292' title='bbox 989 1346 1092 1415; x_wconf 79' lang='grc' dir='ltr'>ἀνῆκον.</span> <span class='ocrx_word' id='word_1_293' title='bbox 1116 1345 1148 1404; x_wconf 89' lang='grc' dir='ltr'><strong>Σ.</strong></span> <span class='ocrx_word' id='word_1_294' title='bbox 1169 1347 1215 1418; x_wconf 66' lang='lat' dir='ltr'><strong>A„</strong></span> <span class='ocrx_word' id='word_1_295' title='bbox 1230 1364 1276 1420; x_wconf 90' lang='lat' dir='ltr'><strong>ap.</strong></span> <span class='ocrx_word' id='word_1_296' title='bbox 1298 1341 1383 1400; x_wconf 87' lang='lat' dir='ltr'><strong>eund.</strong></span> <span class='ocrx_word' id='word_1_297' title='bbox 1403 1341 1528 1419; x_wconf 84' lang='lat' dir='ltr'><strong>Hesych.</strong></span> <span class='ocrx_word' id='word_1_298' title='bbox 1552 1340 1655 1420; x_wconf 80' lang='lat' dir='ltr'><strong>(cujus</strong></span> 
     </span>
     <span class='ocr_line' id='line_1_51' title="bbox 896 1427 1654 1510; baseline 0 -20"><span class='ocrx_word' id='word_1_299' title='bbox 896 1432 989 1492; x_wconf 83' lang='lat' dir='ltr'><strong>codex</strong></span> <span class='ocrx_word' id='word_1_300' title='bbox 1001 1428 1089 1504; x_wconf 74' lang='grc' dir='ltr'>ἀηκές,</span> <span class='ocrx_word' id='word_1_301' title='bbox 1103 1429 1208 1510; x_wconf 83' lang='grc' dir='ltr'>ἀῆκον),</span> <span class='ocrx_word' id='word_1_302' title='bbox 1226 1443 1255 1488; x_wconf 90' lang='lat' dir='ltr'><strong>et</strong></span> <span class='ocrx_word' id='word_1_303' title='bbox 1266 1429 1349 1509; x_wconf 91' lang='grc'><strong>[166]</strong></span> <span class='ocrx_word' id='word_1_304' title='bbox 1362 1427 1496 1488; x_wconf 76' lang='grc' dir='ltr'>«ἄσεπτον</span> <span class='ocrx_word' id='word_1_305' title='bbox 1509 1456 1521 1482; x_wconf 75' lang='lat' dir='ltr'>n</span> <span class='ocrx_word' id='word_1_306' title='bbox 1543 1430 1654 1506; x_wconf 79' lang='grc' dir='ltr'>ἀσεύές,</span> 
     </span>
     <span class='ocr_line' id='line_1_52' title="bbox 897 1515 1656 1600; baseline -0.001 -21"><span class='ocrx_word' id='word_1_307' title='bbox 897 1534 925 1579; x_wconf 90' lang='lat' dir='ltr'><strong>et</strong></span> <span class='ocrx_word' id='word_1_308' title='bbox 936 1519 1017 1598; x_wconf 89' lang='grc'><strong>[167]</strong></span> <span class='ocrx_word' id='word_1_309' title='bbox 1028 1545 1040 1572; x_wconf 75' lang='grc' dir='ltr'>ι</span> <span class='ocrx_word' id='word_1_310' title='bbox 1052 1515 1171 1600; x_wconf 78' lang='grc' dir='ltr'>ἀλιτρύα,</span> <span class='ocrx_word' id='word_1_311' title='bbox 1182 1544 1195 1571; x_wconf 80' lang='grc' dir='ltr'>ι</span> <span class='ocrx_word' id='word_1_312' title='bbox 1209 1519 1242 1578; x_wconf 87' lang='grc' dir='ltr'><strong>Σ.</strong></span> <span class='ocrx_word' id='word_1_313' title='bbox 1257 1516 1462 1598; x_wconf 82' lang='grc' dir='ltr'>Αἰχμαλωτύσι,</span> <span class='ocrx_word' id='word_1_314' title='bbox 1483 1531 1512 1577; x_wconf 90' lang='lat' dir='ltr'><strong>et</strong></span> <span class='ocrx_word' id='word_1_315' title='bbox 1525 1538 1656 1598; x_wconf 90' lang='lat' dir='ltr'><strong>conque-</strong></span> 
     </span>
     <span class='ocr_line' id='line_1_53' title="bbox 898 1603 1657 1688; baseline -0.003 -22"><span class='ocrx_word' id='word_1_316' title='bbox 898 1608 970 1666; x_wconf 90' lang='lat' dir='ltr'><strong>ritur</strong></span> <span class='ocrx_word' id='word_1_317' title='bbox 978 1651 987 1681; x_wconf 91' lang='lat'>,</span> <span class='ocrx_word' id='word_1_318' title='bbox 1002 1605 1080 1684; x_wconf 90' lang='lat' dir='ltr'><strong>quod</strong></span> <span class='ocrx_word' id='word_1_319' title='bbox 1092 1606 1175 1684; x_wconf 86' lang='grc'><strong>[168]</strong></span> <span class='ocrx_word' id='word_1_320' title='bbox 1185 1631 1198 1660; x_wconf 75' lang='grc' dir='ltr'>ι</span> <span class='ocrx_word' id='word_1_321' title='bbox 1210 1604 1310 1688; x_wconf 83' lang='grc' dir='ltr'>ἀρτύνῃ</span> <span class='ocrx_word' id='word_1_322' title='bbox 1323 1631 1336 1657; x_wconf 78' lang='grc' dir='ltr'>ν</span> <span class='ocrx_word' id='word_1_323' title='bbox 1355 1605 1505 1685; x_wconf 80' lang='grc' dir='ltr'>(Σοφοκλῆς</span> <span class='ocrx_word' id='word_1_324' title='bbox 1518 1603 1546 1663; x_wconf 79' lang='grc' dir='ltr'><strong>δὲ</strong></span> <span class='ocrx_word' id='word_1_325' title='bbox 1560 1607 1586 1664; x_wconf 75' lang='grc' dir='ltr'><strong>ἓν</strong></span> <span class='ocrx_word' id='word_1_326' title='bbox 1606 1609 1657 1667; x_wconf 79' lang='grc' dir='ltr'><strong>Αἰ-</strong></span> 
     </span>
     <span class='ocr_line' id='line_1_54' title="bbox 896 1691 1658 1776; baseline -0.004 -24"><span class='ocrx_word' id='word_1_327' title='bbox 896 1696 1062 1776; x_wconf 77' lang='grc' dir='ltr'>χμαλοιτύσιν</span> <span class='ocrx_word' id='word_1_328' title='bbox 1073 1692 1167 1753; x_wconf 69' lang='grc' dir='ltr'>ἔπἰτοῦ</span> <span class='ocrx_word' id='word_1_329' title='bbox 1175 1695 1283 1773; x_wconf 82' lang='grc' dir='ltr'>δεσμοῦ,</span> <span class='ocrx_word' id='word_1_330' title='bbox 1294 1693 1380 1752; x_wconf 81' lang='lat' dir='ltr'><strong>Bell.</strong></span> <span class='ocrx_word' id='word_1_331' title='bbox 1391 1692 1497 1752; x_wconf 77' lang='lat' dir='ltr'><strong>Anecd.</strong></span> <span class='ocrx_word' id='word_1_332' title='bbox 1507 1713 1536 1772; x_wconf 90' lang='lat' dir='ltr'><strong>p.</strong></span> <span class='ocrx_word' id='word_1_333' title='bbox 1551 1703 1618 1767; x_wconf 74' lang='lat'><strong>477,</strong></span> <span class='ocrx_word' id='word_1_334' title='bbox 1629 1691 1658 1772; x_wconf 83' lang='lat'><strong>7)</strong></span> 
     </span>
     <span class='ocr_line' id='line_1_55' title="bbox 899 1779 1659 1861; baseline -0.003 -19"><span class='ocrx_word' id='word_1_335' title='bbox 899 1783 1055 1842; x_wconf 85' lang='lat' dir='ltr'><strong>retineatur</strong></span> <span class='ocrx_word' id='word_1_336' title='bbox 1082 1781 1210 1860; x_wconf 85' lang='lat' dir='ltr'><strong>captiva,</strong></span> <span class='ocrx_word' id='word_1_337' title='bbox 1224 1779 1307 1860; x_wconf 82' lang='grc'><strong>[169]</strong></span> <span class='ocrx_word' id='word_1_338' title='bbox 1323 1779 1522 1860; x_wconf 73' lang='grc' dir='ltr'>«αἰχμόδετος»</span> <span class='ocrx_word' id='word_1_339' title='bbox 1539 1779 1659 1861; x_wconf 77' lang='grc' dir='ltr'>(αἰχμά-</span> 
     </span>
     <span class='ocr_line' id='line_1_56' title="bbox 899 1868 1660 1952; baseline 0 -22"><span class='ocrx_word' id='word_1_340' title='bbox 899 1873 989 1938; x_wconf 85' lang='grc' dir='ltr'>λωτος.</span> <span class='ocrx_word' id='word_1_341' title='bbox 1002 1872 1068 1952; x_wconf 89' lang='grc' dir='ltr'>Σοφ.</span> <span class='ocrx_word' id='word_1_342' title='bbox 1080 1870 1281 1950; x_wconf 75' lang='grc' dir='ltr'>Αἰχμιιλιοτύσιν</span> <span class='ocrx_word' id='word_1_343' title='bbox 1300 1868 1438 1945; x_wconf 85' lang='lat' dir='ltr'><strong>Hesych,</strong></span> <span class='ocrx_word' id='word_1_344' title='bbox 1453 1881 1483 1927; x_wconf 87' lang='lat' dir='ltr'><strong>et</strong></span> <span class='ocrx_word' id='word_1_345' title='bbox 1497 1889 1544 1948; x_wconf 89' lang='lat' dir='ltr'><strong>ap.</strong></span> <span class='ocrx_word' id='word_1_346' title='bbox 1564 1874 1660 1948; x_wconf 84' lang='lat' dir='ltr'><strong>Etym.</strong></span> 
     </span>
     <span class='ocr_line' id='line_1_57' title="bbox 899 1956 1661 2039; baseline -0.007 -18"><span class='ocrx_word' id='word_1_347' title='bbox 899 1965 938 2021; x_wconf 86' lang='grc' dir='ltr'><strong>Μ.</strong></span> <span class='ocrx_word' id='word_1_348' title='bbox 952 1980 981 2039; x_wconf 89' lang='lat' dir='ltr'><strong>p.</strong></span> <span class='ocrx_word' id='word_1_349' title='bbox 992 1969 1038 2033; x_wconf 81' lang='grc'><strong>11,</strong></span> <span class='ocrx_word' id='word_1_350' title='bbox 1049 1961 1077 2031; x_wconf 84' lang='lat'><strong>3,</strong></span> <span class='ocrx_word' id='word_1_351' title='bbox 1089 1958 1141 2018; x_wconf 89' lang='lat' dir='ltr'><strong>ubi</strong></span> <span class='ocrx_word' id='word_1_352' title='bbox 1149 1971 1286 2037; x_wconf 88' lang='lat' dir='ltr'><strong>corrupte</strong></span> <span class='ocrx_word' id='word_1_353' title='bbox 1296 1956 1473 2038; x_wconf 77' lang='grc' dir='ltr'>αἰχμύλετος).</span> <span class='ocrx_word' id='word_1_354' title='bbox 1481 1960 1661 2017; x_wconf 84' lang='lat' dir='ltr'><strong>Commemo-</strong></span> 
     </span>
     <span class='ocr_line' id='line_1_58' title="bbox 901 2043 1661 2126; baseline -0.004 -19"><span class='ocrx_word' id='word_1_355' title='bbox 901 2061 944 2107; x_wconf 89' lang='lat' dir='ltr'><strong>rat</strong></span> <span class='ocrx_word' id='word_1_356' title='bbox 956 2047 1082 2126; x_wconf 91' lang='lat' dir='ltr'><strong>quadam</strong></span> <span class='ocrx_word' id='word_1_357' title='bbox 1096 2066 1161 2105; x_wconf 87' lang='lat' dir='ltr'><strong>cum</strong></span> <span class='ocrx_word' id='word_1_358' title='bbox 1175 2044 1372 2124; x_wconf 81' lang='lat' dir='ltr'><strong>indignatione</strong></span> <span class='ocrx_word' id='word_1_359' title='bbox 1384 2043 1568 2103; x_wconf 85' lang='lat' dir='ltr'><strong>Calchantem</strong></span> <span class='ocrx_word' id='word_1_360' title='bbox 1579 2043 1661 2122; x_wconf 88' lang='grc'><strong>[170]</strong></span> 
     </span>
     <span class='ocr_line' id='line_1_59' title="bbox 900 2129 1661 2216; baseline -0.011 -21"><span class='ocrx_word' id='word_1_361' title='bbox 900 2162 912 2189; x_wconf 90' lang='lat'>«</span> <span class='ocrx_word' id='word_1_362' title='bbox 925 2133 1110 2216; x_wconf 80' lang='grc' dir='ltr'>στερνύμαντιν</span> <span class='ocrx_word' id='word_1_363' title='bbox 1122 2159 1135 2186; x_wconf 75' lang='grc' dir='ltr'>ν</span> <span class='ocrx_word' id='word_1_364' title='bbox 1144 2153 1250 2192; x_wconf 87' lang='lat' dir='ltr'><strong>vocans</strong></span> <span class='ocrx_word' id='word_1_365' title='bbox 1262 2131 1319 2212; x_wconf 91' lang='lat' dir='ltr'><strong>(ap.</strong></span> <span class='ocrx_word' id='word_1_366' title='bbox 1330 2130 1409 2191; x_wconf 89' lang='lat' dir='ltr'><strong>Suid.</strong></span> <span class='ocrx_word' id='word_1_367' title='bbox 1421 2129 1661 2211; x_wconf 73' lang='grc' dir='ltr'><strong>1111.Ἐγηαστρί-</strong></span> 
     </span>
     <span class='ocr_line' id='line_1_60' title="bbox 903 2219 1662 2301; baseline -0.009 -18"><span class='ocrx_word' id='word_1_368' title='bbox 903 2224 1111 2301; x_wconf 82' lang='grc' dir='ltr'>μυθος,ΡοΙΙιισ.</span> <span class='ocrx_word' id='word_1_369' title='bbox 1124 2226 1162 2293; x_wconf 92' lang='grc' dir='ltr'><strong>ΙΙ,</strong></span> <span class='ocrx_word' id='word_1_370' title='bbox 1182 2221 1248 2294; x_wconf 79' lang='lat'>162,</span> <span class='ocrx_word' id='word_1_371' title='bbox 1261 2219 1351 2278; x_wconf 86' lang='lat' dir='ltr'><strong>schol.</strong></span> <span class='ocrx_word' id='word_1_372' title='bbox 1366 2219 1436 2278; x_wconf 87' lang='lat' dir='ltr'><strong>Plat.</strong></span> <span class='ocrx_word' id='word_1_373' title='bbox 1449 2239 1479 2297; x_wconf 90' lang='lat' dir='ltr'><strong>p.</strong></span> <span class='ocrx_word' id='word_1_374' title='bbox 1492 2219 1577 2298; x_wconf 74' lang='lat'><strong>372),</strong></span> <span class='ocrx_word' id='word_1_375' title='bbox 1590 2238 1662 2276; x_wconf 91' lang='lat' dir='ltr'><strong>con-</strong></span> 
     </span>
     <span class='ocr_line' id='line_1_61' title="bbox 902 2305 1663 2391; baseline -0.008 -21"><span class='ocrx_word' id='word_1_376' title='bbox 902 2312 1089 2391; x_wconf 87' lang='lat' dir='ltr'><strong>queriturque</strong></span> <span class='ocrx_word' id='word_1_377' title='bbox 1107 2310 1143 2368; x_wconf 90' lang='lat' dir='ltr'><strong>de</strong></span> <span class='ocrx_word' id='word_1_378' title='bbox 1161 2309 1239 2367; x_wconf 89' lang='lat' dir='ltr'><strong>illius</strong></span> <span class='ocrx_word' id='word_1_379' title='bbox 1261 2307 1343 2386; x_wconf 87' lang='grc'><strong>[171]</strong></span> <span class='ocrx_word' id='word_1_380' title='bbox 1359 2305 1663 2388; x_wconf 61' lang='grc' dir='ltr'>«ἐνστερνομαντύαιςρ</span> 
     </span>
     <span class='ocr_line' id='line_1_62' title="bbox 903 2393 1664 2482; baseline -0.008 -24"><span class='ocrx_word' id='word_1_381' title='bbox 903 2397 1119 2482; x_wconf 74' lang='grc' dir='ltr'>ἐγγαστριμύθοις</span> <span class='ocrx_word' id='word_1_382' title='bbox 1133 2403 1191 2475; x_wconf 89' lang='lat' dir='ltr'><strong>(ap.</strong></span> <span class='ocrx_word' id='word_1_383' title='bbox 1208 2393 1363 2474; x_wconf 87' lang='lat' dir='ltr'><strong>Hesych.),</strong></span> <span class='ocrx_word' id='word_1_384' title='bbox 1387 2395 1570 2472; x_wconf 73' lang='lat' dir='ltr'><strong>decoretque</strong></span> <span class='ocrx_word' id='word_1_385' title='bbox 1583 2395 1664 2452; x_wconf 90' lang='lat' dir='ltr'><strong>illum</strong></span> 
     </span>
     <span class='ocr_line' id='line_1_63' title="bbox 903 2479 1664 2564; baseline -0.013 -17"><span class='ocrx_word' id='word_1_386' title='bbox 903 2488 1079 2564; x_wconf 86' lang='lat' dir='ltr'><strong>imprecans,</strong></span> <span class='ocrx_word' id='word_1_387' title='bbox 1091 2483 1200 2543; x_wconf 90' lang='lat' dir='ltr'><strong>utdeus</strong></span> <span class='ocrx_word' id='word_1_388' title='bbox 1214 2482 1326 2541; x_wconf 91' lang='lat' dir='ltr'><strong>ultorin</strong></span> <span class='ocrx_word' id='word_1_389' title='bbox 1340 2481 1513 2540; x_wconf 88' lang='lat' dir='ltr'><strong>eumirruat.</strong></span> <span class='ocrx_word' id='word_1_390' title='bbox 1528 2479 1664 2558; x_wconf 79' lang='lat' dir='ltr'><strong>Hesych,</strong></span> 
     </span>
     <span class='ocr_line' id='line_1_64' title="bbox 904 2564 1665 2653; baseline -0.014 -18"><span class='ocrx_word' id='word_1_391' title='bbox 904 2575 929 2653; x_wconf 88' lang='grc'><strong>[1</strong></span> <span class='ocrx_word' id='word_1_392' title='bbox 938 2575 986 2652; x_wconf 80' lang='lat' dir='ltr'><strong>ta]</strong></span> <span class='ocrx_word' id='word_1_393' title='bbox 998 2599 1009 2625; x_wconf 77' lang='grc' dir='ltr'>ι</span> <span class='ocrx_word' id='word_1_394' title='bbox 1021 2570 1167 2651; x_wconf 74' lang='grc' dir='ltr'>ἐμπλεύρου</span> <span class='ocrx_word' id='word_1_395' title='bbox 1177 2595 1206 2648; x_wconf 83' lang='grc' dir='ltr'><strong>,ν</strong></span> <span class='ocrx_word' id='word_1_396' title='bbox 1221 2568 1330 2628; x_wconf 79' lang='grc' dir='ltr'>ἓνύλλου</span> <span class='ocrx_word' id='word_1_397' title='bbox 1342 2569 1378 2634; x_wconf 76' lang='grc' dir='ltr'><strong>εἰς</strong></span> <span class='ocrx_word' id='word_1_398' title='bbox 1391 2564 1437 2631; x_wconf 69' lang='lat' dir='ltr'><strong>rire</strong></span> <span class='ocrx_word' id='word_1_399' title='bbox 1449 2565 1569 2646; x_wconf 79' lang='grc' dir='ltr'>πλευρύς.</span> <span class='ocrx_word' id='word_1_400' title='bbox 1584 2569 1618 2626; x_wconf 91' lang='grc' dir='ltr'>Σ.</span> <span class='ocrx_word' id='word_1_401' title='bbox 1631 2569 1665 2624; x_wconf 82' lang='grc' dir='ltr'><strong>Α.</strong></span> 
     </span>
     <span class='ocr_line' id='line_1_65' title="bbox 904 2652 1666 2732; baseline -0.014 -11"><span class='ocrx_word' id='word_1_402' title='bbox 904 2662 948 2721; x_wconf 86' lang='lat' dir='ltr'><strong>Ad</strong></span> <span class='ocrx_word' id='word_1_403' title='bbox 962 2661 1038 2720; x_wconf 89' lang='lat' dir='ltr'><strong>idem</strong></span> <span class='ocrx_word' id='word_1_404' title='bbox 1051 2659 1132 2718; x_wconf 88' lang='lat' dir='ltr'><strong>chori</strong></span> <span class='ocrx_word' id='word_1_405' title='bbox 1148 2676 1262 2717; x_wconf 87' lang='lat' dir='ltr'><strong>carmen</strong></span> <span class='ocrx_word' id='word_1_406' title='bbox 1283 2656 1405 2714; x_wconf 77' lang='lat' dir='ltr'><strong>sortasse</strong></span> <span class='ocrx_word' id='word_1_407' title='bbox 1430 2653 1568 2732; x_wconf 87' lang='lat' dir='ltr'><strong>pertinuit</strong></span> <span class='ocrx_word' id='word_1_408' title='bbox 1588 2652 1666 2731; x_wconf 87' lang='lat' dir='ltr'><strong>apud</strong></span> 
     </span>
     <span class='ocr_line' id='line_1_66' title="bbox 906 2739 1666 2827; baseline -0.017 -18"><span class='ocrx_word' id='word_1_409' title='bbox 906 2748 1031 2825; x_wconf 88' lang='lat' dir='ltr'><strong>Hesych.</strong></span> <span class='ocrx_word' id='word_1_410' title='bbox 1042 2746 1123 2826; x_wconf 86' lang='grc'><strong>[176]</strong></span> <span class='ocrx_word' id='word_1_411' title='bbox 1138 2743 1310 2827; x_wconf 78' lang='grc' dir='ltr'>«Ἱιρύλας,ι</span> <span class='ocrx_word' id='word_1_412' title='bbox 1322 2740 1406 2809; x_wconf 79' lang='grc' dir='ltr'>ύσισιις</span> <span class='ocrx_word' id='word_1_413' title='bbox 1420 2739 1666 2822; x_wconf 68' lang='grc' dir='ltr'>(11ρεύςΗειίιιριι)·</span> 
     </span>
     <span class='ocr_line' id='line_1_67' title="bbox 907 2825 1668 2918; baseline -0.018 -20"><span class='ocrx_word' id='word_1_414' title='bbox 907 2837 1044 2918; x_wconf 82' lang='grc' dir='ltr'>Σοφοκλῆς</span> <span class='ocrx_word' id='word_1_415' title='bbox 1058 2829 1268 2913; x_wconf 78' lang='grc' dir='ltr'>Αἰχμαλωτίσιν·</span> <span class='ocrx_word' id='word_1_416' title='bbox 1283 2833 1319 2900; x_wconf 80' lang='grc' dir='ltr'>ὥς</span> <span class='ocrx_word' id='word_1_417' title='bbox 1332 2829 1378 2889; x_wconf 73' lang='grc' dir='ltr'>καὶ</span> <span class='ocrx_word' id='word_1_418' title='bbox 1396 2827 1440 2888; x_wconf 75' lang='grc' dir='ltr'><strong>τὸν</strong></span> <span class='ocrx_word' id='word_1_419' title='bbox 1462 2825 1571 2909; x_wconf 79' lang='grc' dir='ltr'>γέροντα</span> <span class='ocrx_word' id='word_1_420' title='bbox 1585 2850 1668 2909; x_wconf 87' lang='grc' dir='ltr'>γεραι-</span> 
     </span>
     <span class='ocr_line' id='line_1_68' title="bbox 908 2914 1668 3004; baseline -0.014 -19"><span class='ocrx_word' id='word_1_421' title='bbox 908 2926 954 2985; x_wconf 66' lang='lat' dir='ltr'><strong>tls</strong></span> <span class='ocrx_word' id='word_1_422' title='bbox 975 2924 993 3000; x_wconf 82' lang='grc' dir='ltr'>ῆ</span> <span class='ocrx_word' id='word_1_423' title='bbox 1013 2927 1149 3004; x_wconf 79' lang='grc' dir='ltr'>γεροῦντος</span> <span class='ocrx_word' id='word_1_424' title='bbox 1168 2919 1248 3000; x_wconf 77' lang='grc' dir='ltr'>λέγει.</span> <span class='ocrx_word' id='word_1_425' title='bbox 1275 2925 1429 2977; x_wconf 74' lang='lat' dir='ltr'><strong>«Fortasse</strong></span> <span class='ocrx_word' id='word_1_426' title='bbox 1445 2919 1481 2983; x_wconf 84' lang='grc' dir='ltr'>ὡς</span> <span class='ocrx_word' id='word_1_427' title='bbox 1493 2915 1538 2976; x_wconf 78' lang='lat' dir='ltr'><strong>aral</strong></span> <span class='ocrx_word' id='word_1_428' title='bbox 1562 2914 1606 2975; x_wconf 81' lang='grc' dir='ltr'><strong>τθν</strong></span> <span class='ocrx_word' id='word_1_429' title='bbox 1620 2915 1668 2993; x_wconf 87' lang='grc' dir='ltr'>γε’-</span> 
     </span>
     <span class='ocr_line' id='line_1_69' title="bbox 910 3004 1669 3096; baseline -0.014 -23"><span class='ocrx_word' id='word_1_430' title='bbox 910 3037 986 3096; x_wconf 89' lang='grc' dir='ltr'>ροντα</span> <span class='ocrx_word' id='word_1_431' title='bbox 1000 3009 1114 3091; x_wconf 83' lang='grc' dir='ltr'>γηρολαν</span> <span class='ocrx_word' id='word_1_432' title='bbox 1126 3007 1230 3088; x_wconf 66' lang='grc' dir='ltr'>λέγει.»</span> <span class='ocrx_word' id='word_1_433' title='bbox 1247 3007 1376 3081; x_wconf 82' lang='lat' dir='ltr'><strong>Dindorf.</strong></span> <span class='ocrx_word' id='word_1_434' title='bbox 1393 3006 1489 3063; x_wconf 77' lang='lat' dir='ltr'><strong>Potuit</strong></span> <span class='ocrx_word' id='word_1_435' title='bbox 1503 3004 1588 3063; x_wconf 84' lang='lat' dir='ltr'><strong>etiarn</strong></span> <span class='ocrx_word' id='word_1_436' title='bbox 1603 3005 1669 3063; x_wconf 85' lang='lat' dir='ltr'><strong>Cal·</strong></span> 
     </span>
     <span class='ocr_line' id='line_1_70' title="bbox 909 3092 1670 3177; baseline -0.013 -17"><span class='ocrx_word' id='word_1_437' title='bbox 909 3103 977 3161; x_wconf 83' lang='lat' dir='ltr'><strong>chas</strong></span> <span class='ocrx_word' id='word_1_438' title='bbox 988 3099 1120 3177; x_wconf 84' lang='lat' dir='ltr'><strong>intelligi,</strong></span> <span class='ocrx_word' id='word_1_439' title='bbox 1131 3099 1277 3176; x_wconf 89' lang='lat' dir='ltr'><strong>quisupra</strong></span> <span class='ocrx_word' id='word_1_440' title='bbox 1287 3106 1462 3153; x_wconf 86' lang='lat' dir='ltr'><strong>memoratus</strong></span> <span class='ocrx_word' id='word_1_441' title='bbox 1474 3105 1526 3152; x_wconf 89' lang='lat' dir='ltr'><strong>est.</strong></span> <span class='ocrx_word' id='word_1_442' title='bbox 1536 3092 1670 3170; x_wconf 79' lang='lat' dir='ltr'><strong>Hesych,</strong></span> 
     </span>
     <span class='ocr_line' id='line_1_71' title="bbox 909 3180 1670 3284; baseline -0.014 -34"><span class='ocrx_word' id='word_1_443' title='bbox 909 3188 992 3284; x_wconf 82' lang='grc'><strong>[171]</strong></span> <span class='ocrx_word' id='word_1_444' title='bbox 1012 3184 1234 3270; x_wconf 80' lang='grc' dir='ltr'>«ἱκτορεύσομιν,</span> <span class='ocrx_word' id='word_1_445' title='bbox 1253 3211 1265 3238; x_wconf 73' lang='grc' dir='ltr'>ι</span> <span class='ocrx_word' id='word_1_446' title='bbox 1282 3180 1460 3260; x_wconf 80' lang='grc' dir='ltr'>ἱκετεύσομεν.</span> <span class='ocrx_word' id='word_1_447' title='bbox 1479 3181 1512 3242; x_wconf 94' lang='grc' dir='ltr'><strong>Σ.</strong></span> <span class='ocrx_word' id='word_1_448' title='bbox 1525 3181 1670 3261; x_wconf 60' lang='lat' dir='ltr'><strong>hippalu-</strong></span> 
     </span>
     <span class='ocr_line' id='line_1_72' title="bbox 910 3297 986 3336; baseline 0.026 -3"><span class='ocrx_word' id='word_1_449' title='bbox 910 3297 986 3336; x_wconf 61' lang='grc' dir='ltr'><strong>ΜΝ.</strong></span> 
     </span>
    </p>

    <p class='ocr_par' dir='ltr' id='par_1_22' title="bbox 912 3355 1762 3889">
     <span class='ocr_line' id='line_1_73' title="bbox 952 3355 1673 3436; baseline -0.017 -13"><span class='ocrx_word' id='word_1_450' title='bbox 952 3363 1150 3423; x_wconf 78' lang='lat' dir='ltr'><strong>Andromache</strong></span> <span class='ocrx_word' id='word_1_451' title='bbox 1170 3361 1282 3420; x_wconf 88' lang='lat' dir='ltr'><strong>interea</strong></span> <span class='ocrx_word' id='word_1_452' title='bbox 1300 3380 1333 3418; x_wconf 89' lang='lat' dir='ltr'><strong>ea</strong></span> <span class='ocrx_word' id='word_1_453' title='bbox 1348 3375 1523 3436; x_wconf 75' lang='lat' dir='ltr'><strong>qiraeparassc</strong></span> <span class='ocrx_word' id='word_1_454' title='bbox 1542 3355 1673 3426; x_wconf 87' lang='lat' dir='ltr'><strong>videtur,</strong></span> 
     </span>
     <span class='ocr_line' id='line_1_74' title="bbox 913 3443 1672 3532; baseline -0.012 -21"><span class='ocrx_word' id='word_1_455' title='bbox 913 3475 975 3532; x_wconf 85' lang='lat' dir='ltr'><strong>quae</strong></span> <span class='ocrx_word' id='word_1_456' title='bbox 986 3453 1022 3512; x_wconf 89' lang='lat' dir='ltr'><strong>ad</strong></span> <span class='ocrx_word' id='word_1_457' title='bbox 1035 3452 1211 3529; x_wconf 87' lang='lat' dir='ltr'><strong>sepulturam</strong></span> <span class='ocrx_word' id='word_1_458' title='bbox 1231 3448 1430 3523; x_wconf 78' lang='lat' dir='ltr'><strong>Astyanactis,</strong></span> <span class='ocrx_word' id='word_1_459' title='bbox 1446 3456 1477 3502; x_wconf 90' lang='lat' dir='ltr'><strong>ut</strong></span> <span class='ocrx_word' id='word_1_460' title='bbox 1489 3443 1567 3520; x_wconf 85' lang='lat' dir='ltr'><strong>justa</strong></span> <span class='ocrx_word' id='word_1_461' title='bbox 1589 3444 1616 3501; x_wconf 84' lang='lat' dir='ltr'><strong>ei</strong></span> <span class='ocrx_word' id='word_1_462' title='bbox 1630 3443 1672 3502; x_wconf 85' lang='lat' dir='ltr'><strong>ia-</strong></span> 
     </span>
     <span class='ocr_line' id='line_1_75' title="bbox 912 3531 1672 3617; baseline -0.017 -17"><span class='ocrx_word' id='word_1_463' title='bbox 912 3561 978 3600; x_wconf 90' lang='lat' dir='ltr'><strong>cere</strong></span> <span class='ocrx_word' id='word_1_464' title='bbox 990 3551 1086 3617; x_wconf 88' lang='lat' dir='ltr'><strong>posset</strong></span> <span class='ocrx_word' id='word_1_465' title='bbox 1097 3581 1106 3611; x_wconf 90' lang='lat'>‚</span> <span class='ocrx_word' id='word_1_466' title='bbox 1117 3534 1346 3615; x_wconf 85' lang='lat' dir='ltr'><strong>requirebantur.</strong></span> <span class='ocrx_word' id='word_1_467' title='bbox 1362 3539 1480 3592; x_wconf 85' lang='lat' dir='ltr'><strong>Scutum</strong></span> <span class='ocrx_word' id='word_1_468' title='bbox 1494 3531 1584 3609; x_wconf 88' lang='lat' dir='ltr'><strong>patris</strong></span> <span class='ocrx_word' id='word_1_469' title='bbox 1595 3543 1672 3588; x_wconf 92' lang='lat' dir='ltr'><strong>attu-</strong></span> 
     </span>
     <span class='ocr_line' id='line_1_76' title="bbox 913 3620 1674 3703; baseline -0.017 -17"><span class='ocrx_word' id='word_1_470' title='bbox 913 3631 947 3686; x_wconf 91' lang='lat' dir='ltr'><strong>lit</strong></span> <span class='ocrx_word' id='word_1_471' title='bbox 960 3628 1058 3686; x_wconf 89' lang='lat' dir='ltr'><strong>multis</strong></span> <span class='ocrx_word' id='word_1_472' title='bbox 1074 3625 1178 3685; x_wconf 90' lang='lat' dir='ltr'><strong>ictibus</strong></span> <span class='ocrx_word' id='word_1_473' title='bbox 1199 3624 1388 3703; x_wconf 76' lang='lat' dir='ltr'><strong>perforatum.</strong></span> <span class='ocrx_word' id='word_1_474' title='bbox 1408 3620 1511 3679; x_wconf 86' lang='lat' dir='ltr'><strong>Pollux</strong></span> <span class='ocrx_word' id='word_1_475' title='bbox 1528 3623 1576 3691; x_wconf 86' lang='lat' dir='ltr'><strong>X,</strong></span> <span class='ocrx_word' id='word_1_476' title='bbox 1598 3637 1674 3693; x_wconf 84' lang='lat'>190:</span> 
     </span>
     <span class='ocr_line' id='line_1_77' title="bbox 915 3702 1762 3792; baseline -0.021 -15"><span class='ocrx_word' id='word_1_477' title='bbox 915 3715 983 3777; x_wconf 79' lang='grc' dir='ltr'>Αθτθ</span> <span class='ocrx_word' id='word_1_478' title='bbox 995 3713 1023 3775; x_wconf 72' lang='grc' dir='ltr'><strong>δύ</strong></span> <span class='ocrx_word' id='word_1_479' title='bbox 1037 3713 1067 3774; x_wconf 81' lang='grc' dir='ltr'><strong>τὸ</strong></span> <span class='ocrx_word' id='word_1_480' title='bbox 1079 3712 1205 3787; x_wconf 77' lang='grc' dir='ltr'>πῆλινον,</span> <span class='ocrx_word' id='word_1_481' title='bbox 1217 3710 1231 3770; x_wconf 82' lang='grc' dir='ltr'>ὃ</span> <span class='ocrx_word' id='word_1_482' title='bbox 1243 3709 1395 3792; x_wconf 72' lang='grc' dir='ltr'>περιείληφε</span> <span class='ocrx_word' id='word_1_483' title='bbox 1408 3705 1442 3766; x_wconf 65' lang='grc' dir='ltr'><strong>τὰ</strong></span> <span class='ocrx_word' id='word_1_484' title='bbox 1459 3703 1609 3766; x_wconf 75' lang='grc' dir='ltr'>πλασθέντα</span> <span class='ocrx_word' id='word_1_485' title='bbox 1628 3702 1674 3775; x_wconf 82' lang='grc' dir='ltr'>κῆ·</span> <span class='ocrx_word' id='word_1_486' title='bbox 1758 3724 1762 3733; x_wconf 83' lang='grc'><strong>’</strong></span> 
     </span>
     <span class='ocr_line' id='line_1_78' title="bbox 915 3791 1677 3889; baseline -0.021 -24"><span class='ocrx_word' id='word_1_487' title='bbox 915 3829 983 3889; x_wconf 86' lang='grc' dir='ltr'>ρινα,</span> <span class='ocrx_word' id='word_1_488' title='bbox 1001 3799 1101 3863; x_wconf 63' lang='lat' dir='ltr'><strong>&amp;atach</strong></span> <span class='ocrx_word' id='word_1_489' title='bbox 1118 3801 1167 3873; x_wconf 76' lang='grc' dir='ltr'><strong>τῆν</strong></span> <span class='ocrx_word' id='word_1_490' title='bbox 1186 3805 1232 3862; x_wconf 76' lang='grc' dir='ltr'>τοῦ</span> <span class='ocrx_word' id='word_1_491' title='bbox 1250 3798 1329 3879; x_wconf 82' lang='grc' dir='ltr'>πυρὸς</span> <span class='ocrx_word' id='word_1_492' title='bbox 1340 3795 1489 3879; x_wconf 74' lang='grc' dir='ltr'>προσφορὰν</span> <span class='ocrx_word' id='word_1_493' title='bbox 1508 3791 1617 3866; x_wconf 68' lang='grc' dir='ltr'>τήκεται</span> <span class='ocrx_word' id='word_1_494' title='bbox 1631 3791 1677 3851; x_wconf 73' lang='grc' dir='ltr'>καὶ</span> 
     </span>
    </p>
   </div>
   <div class='ocr_carea' id='block_1_21' title="bbox 870 3880 1678 3971">
    <p class='ocr_par' dir='ltr' id='par_1_23' title="bbox 870 3880 1678 3971">
     <span class='ocr_line' id='line_1_79' title="bbox 870 3880 1678 3971; baseline -0.017 -17"><span class='ocrx_word' id='word_1_495' title='bbox 870 3920 876 3937; x_wconf 86' lang='grc'><em>·</em></span> <span class='ocrx_word' id='word_1_496' title='bbox 914 3893 1001 3954; x_wconf 72' lang='grc' dir='ltr'>πολλὰ</span> <span class='ocrx_word' id='word_1_497' title='bbox 1021 3890 1112 3971; x_wconf 77' lang='grc' dir='ltr'>θκεύνιρ</span> <span class='ocrx_word' id='word_1_498' title='bbox 1130 3887 1290 3971; x_wconf 77' lang='grc' dir='ltr'>τρυπήματα</span> <span class='ocrx_word' id='word_1_499' title='bbox 1304 3883 1521 3954; x_wconf 74' lang='grc' dir='ltr'>ἐναπολείπεται,</span> <span class='ocrx_word' id='word_1_500' title='bbox 1540 3880 1678 3960; x_wconf 72' lang='grc' dir='ltr'>ἡμίλιγδος</span> 
     </span>
    </p>
   </div>
   <div class='ocr_carea' id='block_1_22' title="bbox 916 3967 1656 4058">
    <p class='ocr_par' dir='ltr' id='par_1_24' title="bbox 916 3967 1656 4058">
     <span class='ocr_line' id='line_1_80' title="bbox 916 3967 1656 4058; baseline -0.019 -17"><span class='ocrx_word' id='word_1_501' title='bbox 916 3982 1051 4041; x_wconf 82' lang='grc' dir='ltr'>καλεῖται·</span> <span class='ocrx_word' id='word_1_502' title='bbox 1063 3975 1120 4037; x_wconf 86' lang='grc' dir='ltr'>ύθεν</span> <span class='ocrx_word' id='word_1_503' title='bbox 1134 3975 1178 4036; x_wconf 76' lang='grc' dir='ltr'>καλ</span> <span class='ocrx_word' id='word_1_504' title='bbox 1189 3976 1326 4058; x_wconf 88' lang='grc' dir='ltr'>Σοφοκλῆς</span> <span class='ocrx_word' id='word_1_505' title='bbox 1334 3972 1385 4056; x_wconf 75' lang='grc' dir='ltr'><strong>ἔφη</strong></span> <span class='ocrx_word' id='word_1_506' title='bbox 1394 3973 1421 4031; x_wconf 76' lang='grc' dir='ltr'><strong>ἐν</strong></span> <span class='ocrx_word' id='word_1_507' title='bbox 1434 3967 1636 4050; x_wconf 74' lang='grc' dir='ltr'>Αἶχμαλωτύσιν</span> <span class='ocrx_word' id='word_1_508' title='bbox 1647 4013 1656 4044; x_wconf 93' lang='grc'>,</span> 
     </span>
    </p>
   </div>
   <div class='ocr_carea' id='block_1_23' title="bbox 917 4093 1681 4398">
    <p class='ocr_par' dir='ltr' id='par_1_25' title="bbox 917 4093 1681 4398">
     <span class='ocr_line' id='line_1_81' title="bbox 917 4093 1677 4197; baseline -0.021 -21"><span class='ocrx_word' id='word_1_509' title='bbox 917 4114 999 4194; x_wconf 82' lang='grc'><strong>[116]</strong></span> <span class='ocrx_word' id='word_1_510' title='bbox 1027 4095 1125 4184; x_wconf 67' lang='lat' dir='ltr'><strong>hcet&lt;</strong></span> <span class='ocrx_word' id='word_1_511' title='bbox 1142 4103 1196 4197; x_wconf 76' lang='grc' dir='ltr'><strong>μὲν</strong></span> <span class='ocrx_word' id='word_1_512' title='bbox 1212 4093 1371 4196; x_wconf 74' lang='grc' dir='ltr'>ημΐλιγδσς</span> <span class='ocrx_word' id='word_1_513' title='bbox 1387 4098 1426 4178; x_wconf 80' lang='grc' dir='ltr'>ὣς</span> <span class='ocrx_word' id='word_1_514' title='bbox 1438 4099 1524 4165; x_wconf 90' lang='grc' dir='ltr'>πύκν’</span> <span class='ocrx_word' id='word_1_515' title='bbox 1537 4101 1677 4189; x_wconf 84' lang='grc' dir='ltr'>ὀμματεῖ.</span> 
     </span>
     <span class='ocr_line' id='line_1_82' title="bbox 918 4218 1681 4313; baseline -0.021 -22"><span class='ocrx_word' id='word_1_516' title='bbox 918 4233 1011 4313; x_wconf 83' lang='lat' dir='ltr'><strong>(Vulg.</strong></span> <span class='ocrx_word' id='word_1_517' title='bbox 1021 4225 1118 4290; x_wconf 83' lang='grc' dir='ltr'>πυκνθν</span> <span class='ocrx_word' id='word_1_518' title='bbox 1128 4235 1216 4286; x_wconf 87' lang='grc' dir='ltr'>πατεῖ.</span> <span class='ocrx_word' id='word_1_519' title='bbox 1226 4229 1344 4304; x_wconf 89' lang='lat' dir='ltr'><strong>Spectat</strong></span> <span class='ocrx_word' id='word_1_520' title='bbox 1355 4222 1390 4282; x_wconf 90' lang='lat' dir='ltr'><strong>ad</strong></span> <span class='ocrx_word' id='word_1_521' title='bbox 1401 4222 1479 4280; x_wconf 90' lang='lat' dir='ltr'><strong>hunc</strong></span> <span class='ocrx_word' id='word_1_522' title='bbox 1490 4222 1510 4281; x_wconf 92' lang='lat' dir='ltr'><strong>l.</strong></span> <span class='ocrx_word' id='word_1_523' title='bbox 1521 4218 1681 4297; x_wconf 86' lang='lat' dir='ltr'><strong>Hesychius</strong></span> 
     </span>
     <span class='ocr_line' id='line_1_83' title="bbox 918 4306 1681 4398; baseline -0.024 -17"><span class='ocrx_word' id='word_1_524' title='bbox 918 4324 948 4381; x_wconf 91' lang='lat' dir='ltr'><strong>in</strong></span> <span class='ocrx_word' id='word_1_525' title='bbox 961 4319 1055 4382; x_wconf 79' lang='grc' dir='ltr'>Γλύδοιι</span> <span class='ocrx_word' id='word_1_526' title='bbox 1068 4315 1172 4398; x_wconf 68' lang='lat' dir='ltr'><strong>yoniam.</strong></span> <span class='ocrx_word' id='word_1_527' title='bbox 1194 4319 1329 4375; x_wconf 88' lang='lat' dir='ltr'><strong>Ceterum</strong></span> <span class='ocrx_word' id='word_1_528' title='bbox 1347 4312 1445 4391; x_wconf 90' lang='lat' dir='ltr'><strong>potuit</strong></span> <span class='ocrx_word' id='word_1_529' title='bbox 1464 4310 1551 4368; x_wconf 89' lang='lat' dir='ltr'><strong>etiam</strong></span> <span class='ocrx_word' id='word_1_530' title='bbox 1565 4306 1681 4366; x_wconf 79' lang='lat' dir='ltr'><strong>Achillis</strong></span> 
     </span>
    </p>
   </div>
   <div class='ocr_carea' id='block_1_24' title="bbox 919 4397 1683 4574">
    <p class='ocr_par' dir='ltr' id='par_1_26' title="bbox 919 4397 1683 4574">
     <span class='ocr_line' id='line_1_84' title="bbox 919 4397 1682 4477; baseline -0.024 -9"><span class='ocrx_word' id='word_1_531' title='bbox 919 4421 1031 4468; x_wconf 86' lang='lat' dir='ltr'><strong>scutum</strong></span> <span class='ocrx_word' id='word_1_532' title='bbox 1042 4426 1103 4466; x_wconf 84' lang='lat' dir='ltr'><strong>esse</strong></span> <span class='ocrx_word' id='word_1_533' title='bbox 1114 4425 1150 4464; x_wconf 84' lang='lat' dir='ltr'><strong>ex</strong></span> <span class='ocrx_word' id='word_1_534' title='bbox 1162 4407 1305 4463; x_wconf 85' lang='lat' dir='ltr'><strong>sententia</strong></span> <span class='ocrx_word' id='word_1_535' title='bbox 1317 4421 1429 4477; x_wconf 87' lang='lat' dir='ltr'><strong>eorum,</strong></span> <span class='ocrx_word' id='word_1_536' title='bbox 1447 4397 1498 4476; x_wconf 91' lang='lat' dir='ltr'><strong>qui</strong></span> <span class='ocrx_word' id='word_1_537' title='bbox 1510 4397 1595 4469; x_wconf 85' lang='lat' dir='ltr'><strong>hujus</strong></span> <span class='ocrx_word' id='word_1_538' title='bbox 1614 4413 1682 4452; x_wconf 93' lang='lat' dir='ltr'><strong>mu-</strong></span> 
     </span>
     <span class='ocr_line' id='line_1_85' title="bbox 922 4483 1683 4574; baseline -0.025 -18"><span class='ocrx_word' id='word_1_539' title='bbox 922 4499 1005 4556; x_wconf 87' lang='lat' dir='ltr'><strong>lieres</strong></span> <span class='ocrx_word' id='word_1_540' title='bbox 1016 4496 1145 4574; x_wconf 84' lang='lat' dir='ltr'><strong>captivas</strong></span> <span class='ocrx_word' id='word_1_541' title='bbox 1162 4488 1346 4569; x_wconf 87' lang='lat' dir='ltr'><strong>intelligunt.)</strong></span> <span class='ocrx_word' id='word_1_542' title='bbox 1360 4486 1475 4548; x_wconf 82' lang='lat' dir='ltr'><strong>Involvi</strong></span> <span class='ocrx_word' id='word_1_543' title='bbox 1495 4483 1557 4541; x_wconf 90' lang='lat' dir='ltr'><strong>vult</strong></span> <span class='ocrx_word' id='word_1_544' title='bbox 1576 4498 1683 4560; x_wconf 82' lang='lat' dir='ltr'><strong>corpus</strong></span> 
     </span>
    </p>
   </div>
   <div class='ocr_carea' id='block_1_25' title="bbox 104 4595 1684 4643">
    <p class='ocr_par' dir='ltr' id='par_1_27' title="bbox 104 4595 1684 4643">
     <span class='ocr_line' id='line_1_86' title="bbox 104 4595 1684 4643; baseline -0.023 -1"><span class='ocrx_word' id='word_1_545' title='bbox 104 4595 1684 4643; x_wconf 74' lang='lat'><strong>.....-..--.-.--—--—-—-———-</strong></span> 
     </span>
    </p>
   </div>
   <div class='ocr_carea' id='block_1_26' title="bbox 123 4680 870 5301">
    <p class='ocr_par' dir='ltr' id='par_1_28' title="bbox 123 4680 868 5144">
     <span class='ocr_line' id='line_1_87' title="bbox 123 4680 868 4832; baseline -0.021 -17"><span class='ocrx_word' id='word_1_546' title='bbox 123 4759 259 4832; x_wconf 83' lang='lat' dir='ltr'><strong>Siparrus</strong></span> <span class='ocrx_word' id='word_1_547' title='bbox 271 4757 328 4829; x_wconf 88' lang='lat' dir='ltr'><strong>ipse</strong></span> <span class='ocrx_word' id='word_1_548' title='bbox 338 4768 451 4826; x_wconf 80' lang='lat' dir='ltr'><strong>magnas</strong></span> <span class='ocrx_word' id='word_1_549' title='bbox 460 4680 633 4809; x_wconf 59' lang='lat' dir='ltr'><strong>iiilictoriis</strong></span> <span class='ocrx_word' id='word_1_550' title='bbox 644 4754 788 4806; x_wconf 86' lang='lat' dir='ltr'><strong>assecutus</strong></span> <span class='ocrx_word' id='word_1_551' title='bbox 796 4759 868 4802; x_wconf 84' lang='lat' dir='ltr'><strong>sum.</strong></span> 
     </span>
     <span class='ocr_line' id='line_1_88' title="bbox 181 4837 743 4984; baseline -0.02 -14"><span class='ocrx_word' id='word_1_552' title='bbox 181 4915 216 4970; x_wconf 92' lang='lat' dir='ltr'><strong>In</strong></span> <span class='ocrx_word' id='word_1_553' title='bbox 229 4913 303 4970; x_wconf 89' lang='lat' dir='ltr'><strong>omni</strong></span> <span class='ocrx_word' id='word_1_554' title='bbox 316 4911 390 4970; x_wconf 89' lang='lat' dir='ltr'><strong>enim</strong></span> <span class='ocrx_word' id='word_1_555' title='bbox 402 4837 631 4984; x_wconf 58' lang='lat' dir='ltr'><strong>lapilils&#39;oorptus</strong></span> <span class='ocrx_word' id='word_1_556' title='bbox 642 4904 743 4962; x_wconf 88' lang='lat' dir='ltr'><strong>latitat.</strong></span> 
     </span>
     <span class='ocr_line' id='line_1_89' title="bbox 181 4995 771 5144; baseline -0.019 -15"><span class='ocrx_word' id='word_1_557' title='bbox 181 5071 324 5129; x_wconf 85' lang='lat' dir='ltr'><strong>Exercitus</strong></span> <span class='ocrx_word' id='word_1_558' title='bbox 335 5070 455 5144; x_wconf 82' lang='lat' dir='ltr'><strong>expiator</strong></span> <span class='ocrx_word' id='word_1_559' title='bbox 463 4995 647 5125; x_wconf 51' lang='lat' dir='ltr'><strong>qqqouonum</strong></span> <span class='ocrx_word' id='word_1_560' title='bbox 659 5075 771 5136; x_wconf 82' lang='lat' dir='ltr'><strong>gnarus.</strong></span> 
     </span>
    </p>

    <p class='ocr_par' dir='ltr' id='par_1_29' title="bbox 148 5152 870 5301">
     <span class='ocr_line' id='line_1_90' title="bbox 148 5152 870 5301; baseline -0.028 -10"><span class='ocrx_word' id='word_1_561' title='bbox 148 5230 332 5291; x_wconf 76' lang='lat' dir='ltr'><strong>Gravissrmus</strong></span> <span class='ocrx_word' id='word_1_562' title='bbox 345 5152 523 5301; x_wconf 65' lang='lat' dir='ltr'><strong>expiatorlyiie</strong></span> <span class='ocrx_word' id='word_1_563' title='bbox 530 5221 658 5300; x_wconf 74' lang='lat' dir='ltr'><strong>gravium</strong></span> <span class='ocrx_word' id='word_1_564' title='bbox 671 5217 870 5280; x_wconf 83' lang='lat' dir='ltr'><strong>calamitatum.</strong></span> 
     </span>
    </p>
   </div>
   <div class='ocr_carea' id='block_1_27' title="bbox 958 4660 1631 5084">
    <p class='ocr_par' dir='ltr' id='par_1_30' title="bbox 958 4660 1631 5084">
     <span class='ocr_line' id='line_1_91' title="bbox 1274 4660 1334 4711; baseline -0.05 0"><span class='ocrx_word' id='word_1_565' title='bbox 1274 4660 1334 4711; x_wconf 92' lang='grc'><strong>161.</strong></span> 
     </span>
     <span class='ocr_line' id='line_1_92' title="bbox 992 4745 1539 4822; baseline -0.031 -9"><span class='ocrx_word' id='word_1_566' title='bbox 992 4755 1121 4814; x_wconf 87' lang='lat' dir='ltr'><strong>Calamus</strong></span> <span class='ocrx_word' id='word_1_567' title='bbox 1132 4752 1182 4808; x_wconf 89' lang='lat' dir='ltr'><strong>tibi</strong></span> <span class='ocrx_word' id='word_1_568' title='bbox 1197 4758 1228 4808; x_wconf 90' lang='lat' dir='ltr'><strong>ut</strong></span> <span class='ocrx_word' id='word_1_569' title='bbox 1239 4748 1306 4822; x_wconf 84' lang='lat' dir='ltr'><strong>lyrae</strong></span> <span class='ocrx_word' id='word_1_570' title='bbox 1318 4745 1474 4802; x_wconf 87' lang='lat' dir='ltr'><strong>subtractus</strong></span> <span class='ocrx_word' id='word_1_571' title='bbox 1487 4748 1539 4798; x_wconf 87' lang='lat' dir='ltr'><strong>ost.</strong></span> 
     </span>
     <span class='ocr_line' id='line_1_93' title="bbox 958 4849 1631 5005; baseline -0.034 -6"><span class='ocrx_word' id='word_1_572' title='bbox 958 4945 994 4999; x_wconf 86' lang='lat' dir='ltr'><strong>Et</strong></span> <span class='ocrx_word' id='word_1_573' title='bbox 1006 4937 1147 4997; x_wconf 90' lang='lat' dir='ltr'><strong>insulanos</strong></span> <span class='ocrx_word' id='word_1_574' title='bbox 1158 4941 1185 4992; x_wconf 89' lang='lat' dir='ltr'><strong>et</strong></span> <span class='ocrx_word' id='word_1_575' title='bbox 1195 4849 1352 5005; x_wconf 68' lang='lat' dir='ltr'><strong>lougiihira</strong></span> <span class='ocrx_word' id='word_1_576' title='bbox 1364 4931 1481 4998; x_wconf 84' lang='lat' dir='ltr'><strong>Europae</strong></span> <span class='ocrx_word' id='word_1_577' title='bbox 1496 4919 1631 4992; x_wconf 87' lang='lat' dir='ltr'><strong>(incolas).</strong></span> 
     </span>
     <span class='ocr_line' id='line_1_94' title="bbox 1274 5033 1335 5084; baseline 0.016 -1"><span class='ocrx_word' id='word_1_578' title='bbox 1274 5033 1335 5084; x_wconf 85' lang='grc'><strong>176.</strong></span> 
     </span>
    </p>
   </div>
   <div class='ocr_carea' id='block_1_28' title="bbox 926 5110 1687 5271">
    <p class='ocr_par' dir='ltr' id='par_1_31' title="bbox 926 5110 1687 5271">
     <span class='ocr_line' id='line_1_95' title="bbox 926 5110 1687 5253; baseline -0.037 -59"><span class='ocrx_word' id='word_1_579' title='bbox 926 5137 1042 5194; x_wconf 87' lang='lat' dir='ltr'><strong>scutum</strong></span> <span class='ocrx_word' id='word_1_580' title='bbox 1058 5129 1130 5187; x_wconf 89' lang='lat' dir='ltr'><strong>enim</strong></span> <span class='ocrx_word' id='word_1_581' title='bbox 1144 5135 1177 5185; x_wconf 91' lang='lat' dir='ltr'><strong>ut</strong></span> <span class='ocrx_word' id='word_1_582' title='bbox 1193 5121 1382 5182; x_wconf 83' lang='lat' dir='ltr'><strong>semicirculus</strong></span> <span class='ocrx_word' id='word_1_583' title='bbox 1397 5118 1498 5253; x_wconf 77' lang='lat' dir='ltr'><strong>multist</strong></span> <span class='ocrx_word' id='word_1_584' title='bbox 1504 5110 1687 5174; x_wconf 79' lang='lat' dir='ltr'><strong>foraminibus</strong></span> 
     </span>
     <span class='ocr_line' id='line_1_96' title="bbox 1422 5206 1506 5271; baseline -0.048 -16"><span class='ocrx_word' id='word_1_585' title='bbox 1422 5206 1485 5271; x_wconf 87' lang='lat' dir='ltr'><strong>pate</strong></span> <span class='ocrx_word' id='word_1_586' title='bbox 1499 5239 1506 5251; x_wconf 91' lang='lat'><strong>.</strong></span> 
     </span>
    </p>
   </div>
   <div class='ocr_carea' id='block_1_29' title="bbox 0 0 1873 5798">
    <p class='ocr_par' dir='ltr' id='par_1_32' title="bbox 0 0 1873 5798">
     <span class='ocr_line' id='line_1_97' title="bbox 0 0 1873 5798; baseline 0 0"><span class='ocrx_word' id='word_1_587' title='bbox 0 0 1873 5798; x_wconf 95' lang='lat' dir='ltr'><strong> </strong></span> 
     </span>
    </p>
   </div>
  </div>
 </body>
</html>
