3656 5798
211 402 267 458 1⁴2

260 522 417 626 [252168’
434 533 516 604 ἐστὶν
534 535 565 616 ύς
584 533 656 603 τοτ’
671 531 746 628 ἀμφ’
765 531 832 624 ἐμοὶ
847 531 934 618 βίλος

260 645 477 742 γελωτοποιὸν,
489 645 543 717 τὴν
562 637 716 734 κοίκοσμον
735 639 881 734 οὐράνην,

261 750 376 846 ἔρριψεν
395 744 458 819 οὐδ’
476 757 609 843 ἥμαρτε·
625 747 694 842 περὶ
708 741 738 814 δ’
753 753 815 840 ἐμῷ
829 747 907 842 κούρᾳ

261 861 400 953 πληγιῒσ’
422 859 603 954 ἐναυάγησεν
623 859 867 949 ὀστρακουμένη,

260 967 350 1064 χωρὶς
367 979 505 1062 μυρηρῶν
524 967 653 1059 τευχέων
671 967 791 1032 πνέουσ’
811 959 888 1056 ἐμοί.

247 1119 288 1172 lta
304 1115 398 1174 Ulixes
410 1114 526 1172 videtur
539 1113 646 1172 reicere
656 1111 725 1190 quiri
737 1123 831 1169 aetram
844 1108 882 1167 sit
893 1119 975 1166 autea

217 1203 255 1261 llo
272 1219 419 1282 tempore,
438 1225 526 1283 quum
548 1203 659 1262 adesset
683 1203 766 1260 initio
785 1202 860 1259 inter
874 1199 975 1257 convi-

206 1307 306 1351 vanius
327 1315 446 1372 procos,
468 1307 499 1352 ut
524 1309 551 1352 et
573 1313 659 1368 quun
681 1294 744 1371 ipse
766 1310 919 1371 perpessus
940 1289 977 1347 sit

206 1384 385 1441 insolentiam
418 1399 443 1442 et
474 1404 531 1461 qua
556 1384 671 1442 lascivia
707 1382 781 1440 inter
804 1381 884 1459 ipsos
915 1399 976 1438 sese

208 1471 314 1530 habere
337 1474 412 1532 soliti
435 1475 558 1547 fuerint,
582 1485 747 1550 exponeret.
772 1476 872 1548 Neque
893 1469 976 1527 valde

206 1581 222 1620 a
245 1581 313 1619 vero
340 1561 497 1621 abliorrere
520 1563 706 1633 seutentiam,
733 1579 819 1638 quam
847 1557 974 1635 expliea-

206 1649 300 1708 vimus
311 1696 319 1724 ,
331 1651 410 1710 locus
422 1651 567 1727 ostendit,
580 1652 628 1729 qui
642 1665 684 1710 est
698 1649 775 1728 apud
790 1649 975 1706 Scholiastam

206 1741 408 1818 Lycophronis
426 1761 455 1800 v.
473 1745 550 1815 778:
570 1739 639 1821 llap'
653 1736 781 1821 Αἰσχύλῳ
805 1733 924 1820 φαίνεταί
939 1758 978 1802 τις

206 1825 250 1887 τὸν
265 1827 394 1888 Ὀδυσσέα
410 1829 494 1910 τύψας
512 1829 650 1912 ὀστράκῳ,
661 1831 690 1888 ού
706 1826 758 1908 μὴν
772 1823 835 1908 παρ’
855 1823 975 1908 Ὁμήρῳ.

205 1915 318 1976 Deinde
328 1918 502 1994 Eurymaehi
512 1937 635 1995 corpore
645 1917 731 1974 allato
740 1937 772 1975 ea
784 1915 857 1974 dixit
867 1915 976 1989 Ulixes,

208 2020 349 2084 quaesunt
362 2007 419 2065 alio
432 2008 497 2066 loco
510 2005 588 2086 apud
603 2006 773 2065 Athenaeum
782 2050 790 2080 ,
799 2009 861 2078 XV,
871 2024 900 2083 p.
911 2005 977 2078 667,

207 2098 249 2154 G:
265 2093 318 2154 Kal
342 2093 474 2174 Αἰσχύλος
501 2095 523 2154 δ’
553 2097 580 2154 lv
615 2090 782 2174 Ὀστολόγοις
815 2089 977 2173 ἀγκυλητοὺς

208 2180 282 2262 λέγει
299 2183 444 2250 κοττύύονς
457 2181 501 2244 διὰ
514 2183 631 2244 τούτων·

207 2325 481 2421 [263]Εὐρύμαχος
495 2324 624 2413 ούν,ούκ
636 2318 832 2413 megetia
848 2329 976 2405 ἥσσονας

209 2422 308 2526 ύύριζ’
327 2429 502 2528 ύύρισμούς,
519 2437 575 2502 οὐκ
588 2433 734 2513 ἐναισίους
747 2434 825 2526 ἐμοί.

208 2515 257 2605 liu
275 2538 400 2636 μὲνγὰρ
419 2544 503 2629 αὐτῷ
516 2535 671 2620 κύτταύος
692 2541 805 2633 τούμὸν
821 2539 916 2634 κάρα,

200 2637 265 2728 ,τοῦ
281 2637 311 2714 δ’
326 2645 500 2819 ἀγκυλητοῢ
515 2643 670 2717 κοττοίύοο
685 2651 714 2743 γ’
726 2646 772 2716 ἀεὶ
786 2645 917 2724 σκοπός·

202 2837 206 2870 ,
369 2743 384 2848 l

206 2899 301 2959 Versu
324 2919 337 2956 1
354 2877 407 2958 οὖν
424 2920 440 2959 a
461 2899 632 2959 Casaubono
658 2897 812 2978 adjectum.
827 2905 862 2960 V.
882 2900 898 2957 3
924 2919 976 2958 co-

209 2983 287 3046 dices
302 2983 373 3046 κύττ.
392 2986 434 3046 art
450 2993 499 3056 aa
517 2986 575 3068 μὲν,
593 2997 610 3056 4
636 2985 776 3058 κοσσύύιύς
794 2987 850 3048 ἔστι
872 2989 976 3060 σκοπός.

209 3075 304 3132 Versu
325 3074 342 3132 5
367 3078 510 3134 Stanleius
534 3074 565 3134 ἔκ
583 3074 607 3135 τ’
630 3077 711 3154 ἐμῶν,
725 3091 893 3157 comparato
913 3081 977 3142 loco

210 3161 333 3222 Pollucis
345 3165 385 3237 X,
399 3165 450 3236 76:
465 3161 595 3244 Ἐξιμεῑν,
605 3161 669 3247 ὅπερ
684 3167 708 3224 oi
723 3167 817 3227 πολλοὶ
828 3169 978 3231 ἀποκοττα-

211 3245 291 3318 ίίζιιν
307 3245 436 3328 λέγουσιν.

202 2742 350 2847 Ιύτιμιλν(
402 2751 511 2830 leidae
528 2755 593 2849 χεὶρ
613 2754 724 2847 ἐφίετο.

775 381 952 446 mauultl
972 375 1224 442 FRAGMENTA.

1020 516 1097 576 hunc
1111 513 1228 574 modum
1238 507 1378 592 scriptum
1388 505 1467 590 apud
1476 505 1684 586 Etymologum
1694 507 1791 584 flqn.

1018 627 1046 686 p.
1059 609 1129 678 iul.
1141 627 1147 662 :
1158 593 1255 663 Ἰστέον
1265 597 1305 660 ύτι
1316 598 1347 660 τύ
1358 595 1573 681 ἀρχέστατον,ὣς
1584 595 1792 678 παρύιιλύσχύιᾳ

1018 695 1044 754 ἓν
1056 691 1215 774 Πηνελόπῃ,
1229 683 1299 751 οἷον·

1020 809 1188 918 [154]Εγὼ
1212 823 1296 919 γένος
1317 823 1371 914 μέν
1391 816 1451 912 εἰμι
1470 819 1556 912 Κρὴς
1578 817 1790 911 ἀρχέστατον,

1019 951 1064 1012 καλ
1080 951 1110 1011 τὸ
1126 950 1302 1011 αἰδοιέστατον
1317 947 1362 1008 κοιλ
1376 945 1567 1030 ἀφθονέστατον
1589 943 1721 1018 ποιητικά
1744 945 1790 1003 εἱσι

1020 1042 1079 1101 κατ’
1102 1041 1157 1109 tto<
1183 1040 1281 1102 Ἰιύνυιν
1303 1035 1436 1116 γινόμενα.
1462 1038 1607 1110 Quocirca
1635 1035 1790 1094 concauus

1022 1133 1079 1189 lere
1091 1132 1261 1208 Penelopam
1278 1129 1444 1208 tragoediam
1459 1147 1517 1185 non
1538 1127 1670 1207 potuisse
1682 1138 1788 1204 postte·

1022 1241 1099 1280 mum
1114 1223 1210 1280 locum
1223 1221 1344 1299 trilogise
1361 1217 1501 1276 obtinere.

1060 1606 1212 1685 AEschylus
1224 1607 1253 1666 iu
1268 1607 1364 1668 Sicilia
1378 1606 1456 1687 apud
1468 1605 1625 1664 Hieronem
1638 1612 1791 1677 tyrannum

1023 1698 1207 1778 peregrinans
1219 1712 1248 1758 et
1258 1699 1290 1758 iu
1304 1701 1388 1777 liujus
1404 1699 1545 1757 honorem
1559 1707 1587 1753 et
1600 1690 1692 1766 urbis,
1706 1708 1791 1768 quam

1021 1789 1069 1848 ille
1085 1807 1184 1848 recens
1202 1788 1372 1848 condiderat
1392 1789 1422 1848 in
1442 1791 1528 1848 AEtna
1545 1797 1644 1844 monte
1658 1787 1792 1842 AEtnsm·

1021 1898 1078 1956 que
1100 1890 1274 1952 vocaverat,
1301 1882 1425 1937 AEtnaeas
1449 1875 1616 1956 tragoediam
1643 1871 1794 1948 scripsisse

1022 1967 1137 2026 dicitur.
1152 1967 1459 2040 Dorienses'sueruut,
1482 1985 1555 2044 quos
1575 1965 1606 2022 in
1619 1967 1705 2022 AEtna
1722 1957 1794 2016 urbe

1021 2057 1111 2116 Hiero
1124 2057 1252 2116 condidit
1271 2057 1365 2136 iisque
1381 2058 1512 2116 instituta
1524 2055 1658 2134 legesque
1671 2070 1688 2109 a
1701 2049 1794 2127 majo·

1020 2145 1103 2206 ribus
1116 2159 1248 2225 acceptas
1258 2147 1396 2206 restituit.
1410 2148 1565 2206 Dorienses
1576 2155 1672 2202 autem
1685 2143 1715 2200 in
1731 2139 1794 2218 pri-

1021 2237 1075 2295 mis
1104 2237 1257 2296 Herculem
1289 2237 1442 2296 coluerunt
1473 2247 1502 2296 et
1527 2254 1593 2296 cum
1620 2231 1675 2291 hoc
1700 2229 1793 2288 filium

1020 2325 1152 2402 Hyllum,
1174 2325 1278 2384 deiude
1297 2329 1471 2403 Dymantem
1494 2337 1523 2384 et
1546 2321 1756 2401 Pamphylum,
1780 2338 1794 2376 a

1021 2413 1127 2493 quibus
1138 2414 1321 2475 Doriensium
1334 2427 1434 2494 gentes
1447 2414 1588 2492 originem
1600 2412 1709 2472 ducere
1721 2408 1791 2466 [ere

1021 2503 1136 2563 beuurr.
1149 2509 1251 2584 ltaque
1261 2517 1348 2582 poeta
1358 2504 1413 2564 lios
1424 2501 1612 2564 celebrandos
1623 2513 1652 2560 et
1663 2518 1730 2558 cum
1741 2517 1794 2558 eo-

1021 2613 1087 2653 rum
1107 2593 1193 2652 laude
1217 2593 1313 2653 laudes
1338 2593 1557 2654 Atheniensium
1578 2587 1793 2668 conjungendas

1021 2683 1142 2762 putavit.
1159 2683 1327 2760 Antiquitas
1350 2703 1412 2743 mos
1432 2695 1495 2744 eret
1515 2681 1594 2762 apud
1612 2691 1745 2755 veteres,
1769 2678 1792 2736 si

1022 2771 1104 2847 cujus
1120 2771 1183 2830 laus
1198 2771 1380 2850 praedicanda
1400 2772 1469 2846 luit,
1488 2772 1553 2832 illos
1571 2770 1697 2850 primum
1721 2785 1791 2846 μοι·

1022 2859 1131 2932 dicari,
1149 2881 1167 2918 a
1188 2861 1295 2939 quibus
1317 2862 1458 2940 originem
1480 2860 1576 2920 duxit.
1587 2864 1672 2922 Heme
1681 2875 1791 2918 morem

1021 2967 1112 3025 quum
1129 2947 1159 3005 in
1178 2947 1324 3008 laudanda
1345 2948 1418 3009 urbe
1437 2948 1591 3025 AEschylas
1611 2957 1790 3025 sequeretur,

1021 3036 1092 3097 duas
1112 3039 1184 3098 alias
1198 3040 1351 3118 tragoedias
1368 3039 1531 3119 precedere
1545 3043 1671 3102 AEtnaens
1683 3035 1790 3110 voluit,

1022 3127 1127 3206 quibus
1147 3129 1298 3188 Herculem
1318 3129 1462 3207 hirjusque
1478 3141 1613 3209 posteros
1630 3127 1789 3190 extolleret.

1022 3220 1122 3295 Itaque
1144 3218 1174 3276 in
1193 3231 1251 3278 tres
1266 3231 1361 3298 partes
1377 3231 1468 3278 totam
1483 3238 1546 3278 rem
1564 3216 1665 3276 divisit
1677 3259 1688 3290 ,
1700 3217 1787 3274 Hera·

1022 3307 1216 3386 olidarumque
1232 3329 1250 3367 e
1270 3309 1363 3387 patria
1380 3308 1444 3388 luga
1463 3309 1556 3388 prima
1571 3306 1627 3366 suit
1641 3303 1786 3383 tragedia,

1023 3397 1131 3456 reditus
1153 3399 1276 3456 fitiorum
1300 3399 1405 3471 altere,
1425 3400 1509 3458 tertia
1525 3397 1699 3456 instauratio
1710 3393 1786 3454 iusti-

323 3553 330 3568 ρ
406 3554 412 3568 ¹
466 3447 700 3571 'PENELO'PE'
1025 3498 1154 3545 tutorum
1181 3488 1376 3546 Doriensium.
1411 3487 1570 3548 Heraclidae
1596 3487 1673 3546 euim
1701 3484 1784 3565 pauit

251 3557 352 3657 Tertia·
377 3554 499 3657 tribum·
530 3559 665 3634 iiflgoedffl
690 3557 834 3659 ᾙΘΠΘῘΟΡΘ
863 3561 917 3621 fuit
942 3583 978 3622 0¹
1023 3577 1097 3654 pulsi
1111 3577 1238 3635 Athenas
1254 3597 1284 3636 se
1297 3579 1497 3646 contulerunt,
1514 3576 1564 3638 ubi
1579 3577 1688 3654 recepti
1706 3574 1782 3652 adju-

211 3643 353 3747 Weiclteil
378 3657 527 3748 sinleum·
553 3651 586 3706 1¹¹
605 3668 640 3707 ea
659 3647 756 3706 Uliles
779 3650 930 3728 PenelOltae
948 3674 979 3712 te
1024 3666 1102 3742 tique
1116 3677 1213 3744 postea
1224 3667 1437 3744 expeditionem
1448 3667 1587 3726 adversus
1600 3664 1783 3742 Eurystheum

212 3731 517 3836 obtulttndevrcttsque
537 3739 633 3813 procis
656 3739 773 3796 ancillas
793 3739 896 3816 etiam,
915 3763 979 3821 que
1023 3769 1220 3833 susceperunt,
1231 3760 1370 3817 Alcmena
1380 3771 1533 3834 tyrannum
1546 3757 1680 3836 peremit.
1695 3761 1784 3830 ltaque

211 3841 277 3880 ium
292 3823 348 3882 iilis
362 3843 422 3882 iem
439 3823 616 3926 habierunt,
632 3846 714 3903 Poe¹¹²
726 3827 833 3890 affecit·
1025 3845 1117 3923 prima
1138 3846 1275 3924 tragoedia
1289 3849 1427 3906 Alcmena
1447 3849 1522 3906 dicta
1541 3859 1593 3906 est.
1612 3847 1720 3906 Verum
1734 3864 1782 3902 noa

252 3915 316 3982 Qua
339 3910 375 3969 de
400 3913 537 3990 iiagoedta
550 3935 640 3992 quum
658 3917 796 3995 Plerique
817 3937 880 3995 (Ιῑῐὸε
901 3919 978 3980 refe·
1024 3932 1077 3992 fuit
1090 3934 1303 4013 Peloponnesus
1314 3938 1531 3996 Heraclirlarum
1544 3937 1628 3996 sedes
1644 3945 1783 4014 perpetua·

212 4011 317 4101 rantur
318 4043 326 4072 ι
341 4002 507 4104 Welckffffls
522 4004 602 4106 nullo
617 4017 712 4108 letere
733 4019 849 4066 ἃῦθῑθΐθ
871 4010 915 4067 ὃῑῐῑ
931 4011 976 4068 iss-
1025 4027 1131 4082 lterum
1146 4024 1334 4102 relinquenda
1346 4039 1407 4085 erat
1416 4027 1498 4105 jussu
1512 4027 1643 4086 Herculis
1661 4026 1783 4104 pestilen-

212 4105 289 4165 80¹¹ss
300 4109 361 4198 '012²
374 4107 670 4164 ⁰0110111¹1³¹¹¹h⁵³i¹¹¹⁵
689 4111 732 4155 0⁵1
743 4100 980 4179 pretiumque
1024 4113 1090 4171 tiam
1123 4114 1316 4178 vaticinantis.
1341 4117 1486 4175 Diuturno
1521 4129 1654 4196 tempore
1684 4117 1783 4192 elapso,

213 4196 271 4242 tam
300 4201 408 4245 luceria
435 4202 509 4250 sunt.
526 4195 570 4248 Er
597 4192 756 4270 fragmento
779 4211 874 4255 autem
900 4201 978 4276 quod
1026 4202 1181 4260 Heraclidae
1203 4225 1267 4262 curn
1287 4207 1438 4282 Dymantis
1461 4221 1490 4264 et
1504 4205 1654 4284 Pamphyli
1671 4203 1783 4283 posteris

215 4291 303 4330 unum
326 4290 475 4352 srqterest,
498 4278 578 4338 facile
601 4283 755 4342 concludas
776 4286 903 4345 nonduin
918 4309 980 4348 ser·
1024 4293 1129 4348 reversi
1140 4295 1290 4353 maximam
1303 4309 1412 4372 quartem
1424 4295 1614 4374 Peloponnesi
1623 4303 1782 4372 expugnant

213 4375 312 4464 ratum
348 4364 434 4424 luisse
469 4367 582 4428 Ulixem
608 4391 644 4428 ex
669 4373 803 4432 omuibus
827 4377 978 4452 periculis,
1024 4380 1121 4458 ibique
1138 4385 1219 4441 sedes
1236 4385 1381 4463 accipiunt
1402 4400 1565 4464 perpetuas.
1587 4384 1643 4444 Sed
1661 4404 1718 4440 uon
1736 4400 1782 4440 uua

212 4469 323 4529 quippe
347 4455 394 4512 cui
414 4476 488 4533 opus
511 4456 596 4518 fuerit
622 4461 705 4519 dolos
731 4465 929 4540 comminisci,
948 4480 979 4526 ut
1024 4483 1099 4528 terra
1113 4472 1179 4530 saris
1195 4493 1295 4550 magua
1312 4473 1377 4542 luit,
1389 4495 1453 4551 quae
1466 4487 1572 4532 teutmu
1588 4485 1705 4550 gentem
1719 4491 1781 4529 ron-

213 4555 312 4618 posset
331 4544 510 4606 adversarios
531 4550 654 4612 vincere.
679 4553 729 4611 Est
746 4566 842 4614 autem
859 4557 931 4615 illud
949 4558 978 4617 in
1026 4561 1116 4617 tinere
1134 4565 1271 4640 potuerit.
1295 4565 1480 4641 Emigrarunt
1500 4564 1656 4622 Dorienses
1671 4564 1701 4621 in
1716 4559 1779 4621 siei-

214 4654 1776 4690 Μ

244 4783 286 4798 Η
440 4788 447 4802 ·
490 4791 495 4802 Ι
562 4725 630 4776 ata.
1023 4740 1067 4781 me
1081 4725 1182 4799 injuria
1196 4726 1433 4798 allecit‚minime
1454 4728 1521 4784 milii
1539 4743 1680 4802 prospera

214 4787 269 4841 Ηισ
278 4787 325 4843 ille
336 4796 387 4858 est,
401 4805 447 4861 qur
460 4790 609 4864 aliquando
621 4793 649 4850 in
664 4812 706 4854 me
716 4797 803 4856 telum
1023 4808 1090 4863 Erat
1100 4807 1173 4864 enim
1186 4808 1211 4866 ei
1226 4808 1354 4866 cottabus
1364 4818 1449 4882 caput
1463 4825 1573 4881 areum,

215 4863 363 4953 ridiculum
374 4909 381 4934 ,
394 4870 464 4926 maie
474 4873 592 4929 olentem
603 4876 754 4947 matulam,

215 4943 329 5016 impegit
350 4962 400 5002 nec
420 4947 570 5010 frustratus
586 4964 641 5024 σοι,
659 4955 708 5012 sed
728 4956 765 5014 ad
787 4969 874 5033 caput
886 4977 979 5024 meum

215 5019 288 5111 illisa
302 5025 443 5085 confracta
460 5040 502 5088 eet
516 5033 544 5088 in
554 5043 670 5092 tesseras
682 5034 838 5111 dissiliens,

215 5097 356 5162 dirutum
369 5109 467 5168 erasis
478 5116 669 5187 unguentariis
682 5117 760 5176 olens
772 5119 850 5177 mihi.

219 5253 272 5311 flio
286 5257 477 5329 Eurymachus
486 5197 669 5337 ἰςίιυιῗὸύύυᾱ
684 5267 766 5343 alius,
780 5287 836 5332 non
849 5271 952 5333 leniore

1023 4895 1051 4944 et
1064 4887 1197 4949 vibratilis
1210 4889 1316 4948 cottabi
1330 4905 1437 4962 semper
1448 4905 1562 4960 scopum

1249 5008 1322 5030 ....
1337 4969 1468 5046 juvenilis
1486 4983 1587 5029 manue
1606 4965 1727 5043 appetiit.

1375 5134 1442 5186 2⁵4.

1113 5278 1173 5352 Ego
1188 5277 1255 5340 Cres
1267 5292 1331 5338 eum
1346 5273 1538 5354 antiquissima
1549 5275 1667 5352 origine.
