3650 5798
608 394 818 458 sovttocnts
838 397 1093 461 FRAGMENTA.

56 533 122 596 Ὀτι
140 532 168 594 θλ
187 527 234 592 καὶ
255 528 334 613 κρέας
351 553 383 590 το
403 533 482 610 σῶμα
501 528 547 590 καλ
559 528 633 612 παρὰ
653 530 782 612 Σοροκλεῐ
797 532 824 590 ἐν

54 623 151 707 Χρύσῃ
162 644 169 660 ·

53 757 139 838 [2³0]
155 753 302 829 Τοιοῦτος
320 750 359 817 ὧν
376 741 473 841 ἄρξειε
490 739 580 816 τοῦδε
598 757 652 815 τοῦ
669 749 773 840 κρέως.

53 886 78 940 I.
92 900 119 940 e.
134 879 270 958 Fugitivo
284 873 399 936 reddito
414 896 473 934 non
496 872 652 948 recusabo,
669 877 740 954 quin
753 877 824 936 mihi

55 969 114 1049 ipsi
130 969 262 1047 imperet.
269 967 370 1026 Paullo
379 965 638 1026 aliterWelclems
648 985 762 1024 versum
775 987 824 1026 ex·

55 1059 197 1139 planavit.
222 1055 362 1115 Exstabut
389 1067 525 1134 preterea
542 1055 661 1114 Pacuvii
686 1056 824 1136 tragoedia

54 1146 161 1207 eodem
191 1145 308 1223 Chrysis
333 1145 452 1204 nomine
470 1143 629 1223 inscripta,
656 1145 737 1223 cujus
767 1145 824 1206 lra-

54 1235 180 1314 gmentis
203 1234 307 1293 ductus
323 1233 438 1293 Naekius
467 1231 633 1310 tragoediam
649 1233 761 1312 primus
786 1253 823 1293 ex

56 1323 156 1384 iabula
168 1323 330 1402 Sophoclea
344 1323 462 1401 petitam
480 1341 541 1380 esse
556 1322 712 1400 perspexit.

386 1465 492 1487 ἠῢ.-

236 1564 385 1626 ALETES
407 1581 444 1624 nr
463 1563 646 1626 ERIGONA.

66 1687 75 1696 ⁸
94 1701 193 1760 Aletes
208 1700 258 1778 qui
274 1699 360 1759 luerit
375 1717 434 1757 non
448 1708 570 1756 constat.
586 1696 711 1756 Videtur
727 1709 823 1757 tamen

54 1808 114 1848 non
130 1789 155 1848 is
170 1789 300 1866 intelligi,
312 1787 363 1866 qui
376 1786 508 1846 Corinthi
520 1786 674 1865 Imperium
686 1785 822 1861 obtinuit,

53 1879 124 1954 quia
142 1889 259 1935 nonest
274 1875 427 1955 probabile
443 1895 460 1934 a
474 1867 628 1933 scholiasta
649 1873 768 1933 Pindari
785 1875 822 1934 ad

52 1967 103 2026 01.
119 1970 212 2038 xlll,
231 1987 265 2038 17
282 1964 437 2042 Didyrnum
449 1964 568 2022 citatum
580 1982 657 2036 esse,
672 1965 695 2021 si
711 1984 762 2021 rex
774 1965 822 2023 ille

52 2051 575 2133 CorinthieditaSophoclistragoedia
586 2053 823 2112 satisnotussuis-

49 2155 106 2202 set.
125 2148 227 2220 Neque
239 2155 283 2201 est
296 2143 344 2201 ille
362 2142 468 2220 tragica
487 2161 629 2219 persona,
646 2161 821 2220 quamquam

50 2251 100 2289 res
117 2231 230 2290 illiusa
255 2231 361 2310 tragica
385 2231 525 2309 dignitate
548 2229 655 2288 alienas
679 2250 821 2290 essenon

48 2321 188 2380 dixerIm.
199 2324 240 2382 ct.
256 2321 346 2381 schol.
358 2321 440 2381 Pind.
463 2324 543 2379 Nem.
558 2325 625 2394 VII,
644 2319 707 2379 155.
722 2327 822 2399 Neque

50 2411 145 2488 magis
160 2423 289 2477 constat,
308 2430 372 2489 quae
386 2411 511 2490 Erigone
524 2408 620 2466 luerit.
635 2413 764 2468 Vocatur
774 2410 822 2469 illa

48 2501 140 2558 Icarii
155 2501 217 2559 filia
230 2501 260 2558 in
278 2497 401 2576 Etymol.
414 2504 454 2558 M.
479 2519 507 2578 p.
527 2499 561 2556 61
578 2542 587 2575 ,
604 2497 661 2556 50:
678 2496 756 2565 Τινὲς
773 2499 821 2573 τὴν

51 2585 200 2666 Ἠριγόνην
216 2585 348 2666 Ἰκαρίου,
361 2583 402 2644 ὅτι
421 2587 559 2665 πανταχοῦ
574 2586 689 2656 ζητοῦσα
707 2583 750 2644 τθν
769 2609 822 2645 πα-

47 2671 117 2753 τέρα
129 2677 211 2746 ἠλᾶτο
262 2672 350 2756 ρασθν.
362 2674 460 2735 Schol.
473 2673 511 2732 ad
526 2677 598 2734 Caes.
610 2677 708 2731 Germ.
727 2676 819 2734 inter·

48 2775 127 2842 pret.
136 2765 216 2822 Arati
228 2763 293 2843 (sub
304 2762 432 2823 constell.
447 2761 544 2840 Canis)
555 2785 562 2820 :
573 2788 585 2815 α
596 2765 693 2820 Icarus
706 2761 820 2822 aLibe-

47 2871 86 2908 ro
100 2851 228 2929 hospitio
240 2864 372 2930 receptus
386 2865 438 2924 est,
449 2851 498 2929 qui
511 2851 537 2908 ei
552 2851 582 2908 in
596 2869 715 2909 munere
728 2864 820 2912 utrem

47 2940 169 3019 plenum
200 2940 269 2998 vino
292 2939 417 3014 tribuit,
432 2939 576 3017 jussitque
594 2951 626 2997 ut
647 2938 677 2997 in
696 2939 820 3017 reliquas

48 3039 143 3087 terras
154 3041 336 3108 propagaret.
349 3034 445 3088 Icarus
462 3029 565 3087 dehine
575 3027 701 3106 quumin
714 3040 818 3088 terram

47 3116 174 3175 Atticam
187 3116 224 3174 ad
243 3129 372 3195 pastores
395 3117 575 3191 devenisset,
598 3116 639 3175 eis
658 3135 747 3196 genus
762 3117 818 3176 hoc

46 3205 350 3282 suavitatisostendit3
361 3218 491 3284 pastores
506 3216 604 3265 autem
616 3224 705 3283 quum
714 3205 819 3264 immo-

47 3291 178 3351 deratius
194 3291 336 3369 biberent,
359 3294 433 3354 ebrii
449 3295 517 3353 iacti
541 3293 737 3353 conciderunt.
759 3295 818 3368 Qui

46 3380 225 3440 arbitrantes
241 3388 354 3442 Icarum
372 3383 479 3441 malum
502 3383 741 3441 medicamentum
761 3381 816 3442 sibi

48 3469 185 3543 dedisse,
199 3491 265 3530 eum
280 3470 406 3530 fustibus
416 3472 631 3531 interfecerunt.
641 3475 754 3530 Icarum
765 3491 816 3529 au-

47 3571 109 3615 tem
127 3559 252 3617 occisum
273 3559 366 3630 canis,
380 3560 431 3638 qui
451 3579 516 3618 cum
536 3578 572 3618 eo
593 3558 702 3630 luerat,
715 3563 813 3624 Neaera

46 3647 187 3720 nomine,
203 3647 315 3706 ululans
333 3648 466 3728 Erigonae
481 3646 543 3724 ejus
557 3647 620 3705 liliae
632 3647 816 3725 monstravit,

47 3733 103 3793 ubi
118 3747 202 3814 pater
214 3737 343 3813 sepultus
354 3735 473 3813 jaceret.
486 3740 552 3809 Quo
570 3755 660 3813 quum
674 3736 816 3810 venisset,

48 3821 114 3900 ejus
125 3841 229 3901 corpus
239 3824 383 3902 sepelivit,
396 3825 517 3903 ipsaque
530 3843 561 3883 se
572 3825 603 3883 in
614 3836 741 3884 montem
753 3828 816 3901 Hy-

46 3922 171 3969 mettum
196 3913 328 3988 contulit,
344 3911 444 3989 ibique
472 3913 577 3990 laqueo
610 3910 665 3971 sibi
692 3925 814 3971 mortem

45 3999 197 4058 conscivit.
208 4004 290 4059 Tunc
305 3999 413 4059 dicitur
424 3998 513 4060 Liber
532 4019 549 4058 a
566 4004 637 4059 Jove
652 4001 770 4079 petisse,
783 4012 815 4059 ut

45 4087 195 4166 Erigonen
213 4101 242 4146 et
260 4093 373 4147 Icarum
394 4089 477 4148 astris
498 4089 627 4148 inferret.
647 4089 699 4148 Ille
718 4101 813 4148 autem

45 4174 148 4234 audita
164 4175 226 4254 ejus
247 4176 388 4254 petitione
404 4177 550 4256 Erigonen
564 4178 677 4256 signum
693 4178 814 4256 virginis

45 4264 226 4338 nominavit,
245 4269 359 4324 Icarum
382 4278 479 4325 autem
494 4277 606 4344 patrem
626 4266 688 4344 ejus
706 4267 814 4327 Arctu-

46 4373 122 4412 rum.
135 4379 148 4406 »
170 4357 238 4412 Ilaec
256 4352 313 4412 ille.
338 4353 475 4414 solebant
502 4367 598 4414 autem
621 4354 813 4415 Athenienses

44 4441 176 4520 singulos
188 4460 241 4519 per
253 4461 345 4500 annos
357 4440 393 4500 de
405 4441 536 4522 frugibus
545 4456 574 4501 et
588 4441 734 4501 vindemia
747 4444 813 4502 Eri·

44 4549 131 4610 gonae
143 4542 172 4587 et
186 4535 270 4588 Icaro
286 4529 424 4590 delibare.
439 4530 506 4590 Fuit
517 4532 602 4590 etiam
616 4530 716 4589 demus
731 4532 810 4590 Atti-

43 4638 96 4676 cus
112 4614 248 4698 Ἰκαριεύς.
263 4615 359 4677 Habet
373 4617 472 4677 eadem
484 4619 583 4696 paucis
598 4618 705 4677 additis
717 4619 811 4697 Hygi·

43 4725 99 4764 nus
111 4705 177 4767 Fah.
194 4708 259 4764 130.
271 4706 375 4766 Omnia
387 4719 483 4766 tamen
493 4707 560 4765 satis
571 4707 691 4766 recentis
701 4721 810 4786 tempo-

43 4797 85 4854 ris
99 4805 261 4852 commenta
282 4793 479 4873 tragodiaque
497 4794 590 4853 aliena
609 4814 670 4854 esse
684 4807 808 4853 constat.

1586 421 1642 476 289

878 534 928 610 χοῦ
943 533 1040 608 ἠλᾶτο,
1053 547 1081 592 et
1096 535 1176 613 quod
1190 536 1272 596 addit
1286 537 1426 616 quosdam
1439 541 1553 602 tradere
1574 547 1643 606 Eri·

879 640 984 698 gonam
1003 625 1126 702 AEgisthi
1148 638 1178 685 et
1199 627 1425 704 Clytaemnestrae
1453 629 1541 692 filiam
1572 655 1642 696 esse.

878 711 970 789 Hujus
980 727 1076 773 autem
1089 716 1178 774 irater
1190 717 1244 776 fuit
1256 719 1357 778 Aletes.
1367 719 1425 780 Sed
1436 725 1560 783 estalius
1570 746 1644 804 quo-

878 820 936 877 que
948 800 1028 861 locus
1044 805 1217 883 Etymologi‚
1229 808 1279 885 qui
1291 809 1446 886 Erigonam
1459 813 1544 873 Icarii
1556 814 1643 874 filiam

877 909 942 948 cum
958 892 1081 970 Erigone
1097 895 1219 971 AEgisthi
1234 897 1381 956 confusam
1395 919 1456 961 esse
1468 921 1485 958 a
1497 903 1643 963 veteribus

878 977 964 1038 docet
975 1002 982 1038 :
993 979 1094 1062 Alrbpo,
1105 980 1182 1064 ἑορτὴ
1194 984 1311 1058 Ἀθηνᾶς,
1322 984 1354 1058 ἣν
1362 988 1488 1047 καλοῦσιν
1498 987 1642 1052 εθδειπνον.

877 1065 990 1146 Λέγεται
1001 1067 1052 1148 γὰρ
1068 1069 1208 1150 ’Ἠριγόνην
1219 1071 1268 1145 τὴν
1276 1074 1402 1152 Αἰγίσθου
1417 1077 1462 1137 κοιλ
1475 1079 1644 1158 Κλυταιμνή·

877 1177 956 1238 crpore
976 1156 1105 1240 θυγατέρα
1128 1158 1174 1220 obv
1199 1157 1343 1244 Τυνδάρεῳ
1370 1167 1409 1244 τῷ
1431 1163 1534 1248 πάππῳ
1559 1169 1642 1228 ἐλθεῖν

877 1242 1000 1317 Ἀθήναζε
1011 1248 1244 1330 κατηγορήσουσαν
1261 1248 1407 1332 Ὀρέστου·
1424 1253 1596 1323 ἀπολυθέντος
1616 1255 1643 1316 δὲ

878 1333 1063 1414 θναρτήοασαν
1080 1335 1176 1408 ἑαυτὴν
1201 1338 1396 1419 προστρόπαιον
1424 1351 1477 1410 τοῖς
1500 1342 1644 1416 Ἀθηναίοις

876 1419 1014 1497 γενέσθαι,
1033 1423 1103 1483 κατὰ
1123 1426 1244 1506 χρησμὸν
1268 1425 1296 1484 δὲ
1313 1429 1354 1488 ἐπ’
1379 1432 1444 1508 αὐτῇ
1465 1435 1644 1492 συντελεῖσθαι

876 1508 924 1582 τὴν
945 1510 1045 1590 ἑορτήν.
1061 1519 1156 1591 Atque
1178 1517 1310 1593 Hyginus
1331 1531 1431 1577 narrat
1451 1523 1583 1578 Orestem
1607 1540 1642 1580 ex

876 1596 962 1676 longo
976 1619 1074 1659 errore
1090 1607 1227 1678 Mycenas
1252 1606 1365 1664 venisse
1388 1608 1569 1686 Aletenque,
1593 1611 1643 1686 qni

878 1705 999 1764 regnum
1011 1688 1183 1764 obtinuerit,
1193 1693 1342 1769 occidisse,
1353 1696 1508 1774 Erigonam
1519 1709 1614 1756 autem
1627 1717 1643 1756 a

877 1775 969 1834 Diana
982 1776 1138 1860 'abreptam
1163 1781 1344 1861 delatamque
1368 1785 1399 1842 in
1420 1787 1545 1845 Atticam
1563 1807 1642 1861 esse,

879 1863 928 1922 ubi
941 1865 1074 1926 sacerdos
1086 1869 1161 1928 sacta
1177 1871 1224 1930 sit.

917 1957 961 2012 Ita
972 1953 1034 2032 jam
1051 1976 1199 2017 versamur
1215 1961 1245 2018 in
1268 1961 1370 2034 mediis
1386 1965 1576 2042 'tragicorum
1599 1966 1642 2024 sa·

876 2040 963 2102 bulis.
989 2045 1108 2105 Accedit
1127 2049 1207 2126 quod
1237 2052 1310 2109 Attii
1338 2051 1476 2130 tragoedia
1495 2054 1551 2112 luit
1575 2054 1644 2114 Eri-

876 2152 962 2211 gone,
977 2155 1043 2213 quae
1058 2155 1117 2195 non
1129 2137 1257 2198 dubitari
1269 2153 1368 2218 potest
1388 2143 1459 2219 quin
1483 2143 1544 2202 ¹lilia
1557 2142 1641 2220 AEgi-

876 2223 934 2281 sthi
960 2237 989 2283 et
1015 2227 1239 2304 Clytaemnestrae
1265 2228 1399 2290 habenda
1425 2232 1471 2290 sit.
1496 2236 1569 2292 Sunt
1592 2236 1641 2312 qui

876 2313 973 2372 omnia
987 2317 1118 2392 Mycenis
1132 2331 1196 2376 acta
1212 2338 1274 2377 esse
1288 2333 1429 2379 censeant.
1451 2326 1523 2395 Quae
1537 2323 1560 2381 si
1577 2342 1643 2382 vera

876 2414 919 2460 est
933 2403 1084 2477 sententia,
1101 2419 1302 2484 argumentum
1320 2409 1463 2486 quandam
1483 2411 1642 2470 similitudi·

875 2510 940 2548 nem
968 2492 1209 2571 Choephororum
1231 2496 1359 2572 AEschyli
1380 2510 1430 2556 aut
1451 2497 1572 2558 Electrae
1587 2503 1641 2560 So-

875 2581 988 2659 phoclis
1012 2601 1072 2659 prae
1096 2603 1127 2641 se
1152 2583 1232 2657 tulit,
1246 2584 1301 2643 nisi
1322 2585 1402 2663 quod
1425 2588 1552 2665 Erigone
1574 2587 1640 2645 loco

875 2672 1109 2748 Clytaemnestrae,
1133 2674 1231 2733 Aletes
1256 2675 1381 2752 AEgisthi
1409 2675 1504 2734 luerit.
1534 2681 1638 2735 Verum

875 2757 1016 2836 ejusmodi
1036 2763 1198 2838 argumenti
1223 2763 1367 2844 repetitio
1382 2764 1544 2842 gravissimi
1562 2765 1591 2822 iu
1607 2785 1638 2824 re

874 2847 986 2907 minore
1002 2849 1146 2909 desiderio
1156 2863 1353 2928 spectatorum
1368 2852 1490 2930 majora,
1506 2873 1566 2911 non
1582 2853 1638 2911 mi·

874 2956 946 2995 nora
961 2938 1058 2998 videre
1069 2940 1247 3018 cupientium
1263 2961 1366 3020 parum
1381 2955 1449 3020 apta
1464 2961 1526 3000 esse
1539 2941 1637 3000 videa-

874 3035 929 3084 tur.
946 3027 1060 3088 Deinde
1076 3029 1202 3107 Erigone
1216 3050 1339 3108 persona
1354 3031 1471 3108 gravior
1487 3043 1549 3090 erat
1571 3031 1635 3091 reli·

872 3114 949 3191 gioni
968 3116 1196 3191 Atheniensium,
1210 3138 1296 3195 quam
1312 3132 1345 3177 ut
1360 3131 1445 3198 poeta
1460 3132 1517 3178 tam
1535 3118 1635 3198 jejune

872 3223 935 3263 eam
963 3204 1148 3265 introducere
1176 3221 1273 3286 posset
1300 3209 1430 3287 repetitis
1458 3229 1522 3286 quae
1544 3209 1636 3267 multo

872 3295 986 3371 gravius
1001 3295 1037 3353 de
1055 3296 1207 3375 Iphigenia
1228 3311 1389 3356 narrantur.
1406 3301 1508 3375 Neque
1527 3297 1636 3375 proba-

871 3381 930 3441 bile
946 3396 989 3442 est
1002 3385 1213 3443 restitutionem
1230 3387 1340 3444 Orestis
1352 3386 1382 3443 in
1395 3404 1484 3461 regno
1498 3391 1636 3462 Mycena·

871 3491 935 3530 rum
958 3484 1076 3550 apoeta
1098 3473 1259 3550 expositam
1284 3493 1359 3544 esse,
1386 3473 1454 3550 quia
1480 3472 1567 3551 hujus
1592 3475 1636 3532 rei

871 3561 930 3619 lere
951 3560 1029 3619 nulla
1042 3562 1149 3620 mentio
1160 3573 1203 3620 est
1215 3561 1244 3619 in
1260 3561 1386 3638 antiquis
1407 3559 1520 3618 sabulis.
1533 3566 1573 3619 At
1586 3581 1636 3620 an·

871 3648 949 3726 tiqua
968 3647 1067 3707 sabula
1081 3647 1213 3708 exstabat
1226 3669 1291 3727 quae
1305 3649 1459 3726 Erigonam
1475 3660 1504 3706 et
1519 3646 1632 3722 Aleten,

868 3749 901 3794 ut
916 3756 1015 3814 poenas
1027 3737 1063 3795 ab
1077 3742 1180 3797 Oreste
1192 3749 1369 3815 repeterent,
1390 3737 1516 3794 Athenas
1528 3755 1633 3815 perve-

868 3824 943 3882 nisse
969 3811 1095 3885 tradidit.
1116 3826 1264 3899 Quocirca
1275 3827 1372 3884 verius
1387 3824 1532 3902 tragoediae
1544 3844 1633 3902 argu·
1722 3847 1725 3856 ¹

868 3925 996 3971 mentum
1011 3926 1063 3987 est,
1078 3914 1157 3992 quod
1171 3912 1207 3972 ab
1220 3913 1393 3991 Etymologo
1408 3918 1516 3990 Magno
1534 3913 1633 3991 perhi-

867 4000 963 4078 betur,
979 4003 1089 4060 venisse
1100 4001 1255 4081 Erigonam
1267 4021 1332 4059 cum
1346 4002 1434 4059 lratre
1448 4001 1582 4075 Athenas,
1599 4015 1633 4061 ut

867 4094 998 4149 Orestem
1013 4089 1167 4168 injudicio
1181 4089 1328 4169 Areopagi
1341 4103 1518 4150 accusarent.

907 4183 965 4237 Res
979 4189 1075 4237 autern
1090 4179 1147 4236 luit
1160 4178 1267 4256 tragica
1286 4179 1427 4256 gravitate
1449 4178 1628 4255 dignissima.

865 4265 1001 4325 Dubitari
1019 4267 1097 4325 enim
1120 4267 1217 4345 potuit
1238 4280 1352 4327 rectene
1376 4273 1493 4328 Orestes
1510 4280 1630 4326 matrem

865 4353 1029 4430 occidisset,
1044 4374 1103 4433 quo
1116 4369 1228 4435 patrem
1244 4357 1441 4415 ulcisceretur.
1458 4358 1521 4412 Hoc
1536 4375 1630 4432 expo-

865 4443 953 4502 situm
976 4445 1071 4504 estin
1099 4443 1311 4504 Eumenidibus
1334 4443 1480 4519 AEschyli;
1504 4454 1533 4500 at
1551 4443 1629 4500 nulla

865 4532 935 4590 oriri
953 4531 1096 4592 dubitatio
1111 4535 1217 4612 potuit,
1232 4534 1304 4611 quin
1320 4531 1429 4608 magnis
1440 4529 1554 4606 injuriis
1566 4530 1629 4588 Eri·

864 4640 939 4698 gnua
951 4634 980 4679 et
992 4621 1089 4680 Aletes
1101 4622 1203 4681 occisis
1220 4618 1389 4700 parentibus
1409 4627 1503 4675 essent
1516 4616 1626 4677 allecti·

863 4714 964 4786 Itaque
982 4707 1111 4767 Athenas
1134 4708 1264 4776 veniunt,
1282 4718 1315 4763 ut
1337 4710 1469 4765 Orestem
1492 4717 1627 4762 accusent

863 4796 1078 4874 vindictamque
1101 4795 1138 4853 de
1157 4815 1192 4853 eo
1215 4804 1337 4852 sumant.
1363 4795 1468 4850 Verum
1483 4790 1507 4850 si
1528 4789 1627 4869 priore

42 4885 147 4959 Neque
159 4900 227 4938 vero
240 4882 442 4962 negligendum
456 4895 507 4957 est,
521 4884 600 4961 quod
615 4885 719 4963 legitur
733 4884 809 4956 loco,
860 4883 971 4960 judicio
988 4883 1064 4942 inter
1087 4883 1155 4941 deos
1172 4893 1315 4940 transacto
1330 4885 1447 4940 Orestes
1462 4889 1524 4938 erat
1536 4876 1625 4942 abso-.

41 4989 129 5046 quem
144 4989 181 5026 ex
191 4971 364 5048 Etymologo
374 4991 462 5050 supra
473 4971 623 5030 citavimus
636 4993 643 5029 ι
658 4969 699 5029 ὅτι
710 4993 811 5030 παντα-

43 5076 245 5091 *n

864 4973 955 5042 lutus,
966 4971 1023 5029 hoc
1040 4970 1199 5048 posteriore
1211 4969 1321 5045 judicio
1338 4966 1508 5026 criminibus
1522 4965 1624 5036 allatis,

1346 5073 1618 5092 ...un—uua*-

550 5223 625 5284 Talis
637 5224 660 5283 ei
671 5222 768 5293 luerit,
780 5141 964 5297 thiotpert
976 5222 1099 5293 imperet.

200 5305 326 5348 ΙΟΡΜΙΙ
339 5305 489 5347 mmm.
