3650 5798
653 427 862 493 sorfloctts
882 434 1134 506 FRAGMENTA.
1619 469 1672 524 act

102 541 208 602 situram
221 563 327 605 annum
342 547 408 608 fatis
423 553 618 612 concessisset.
633 557 717 614 Hunc
736 560 864 620 Achilles
918 567 1037 628 referam
1047 592 1105 632 non
1119 587 1175 634 tam
1185 577 1220 635 ad
1232 583 1463 663 Troilumipsum
1473 589 1674 666 quamadsor-

102 649 191 688 curm
206 631 362 710 fugientem
383 651 530 698 assecutus
546 641 581 699 ad
598 645 735 722 templum
750 647 863 725 Apolli·
917 664 972 710 tem
991 656 1070 716 urbis
1082 661 1246 724 interiturae.
1263 671 1448 732 lllouumenta
1464 675 1589 754 antiqua·
1606 679 1676 738 artis

103 718 147 775 uis
159 719 327 796 Thymbraei
343 724 493 787 interfecit.
516 730 574 788 Alii
591 743 685 790 tamen
708 735 790 792 aliter
804 757 863 794 rem
915 738 991 798 idem
1006 748 1208 826 comprobant.

100 807 270 868 retulerunt.
291 813 411 872 Procius
424 814 594 893 simpliciter
614 838 649 877 ex
664 822 796 896 cyclicis,
818 823 863 882 καὶ
954 833 1124 896 Perdillicile
1137 853 1180 898 est
1192 844 1335 920 explicare
1351 867 1415 924 quae
1429 870 1561 928 personae
1574 865 1672 933 tragos

101 892 220 972 Τρωΐλον
235 896 345 978 φονεύει.
364 901 524 962 Scholiasta
543 904 578 962 ad
593 907 674 966 Iliad.
690 909 806 983 Ω,ο57
823 917 861 984 εὴ
915 915 970 974 diae
990 920 1105 984 suerint.
1126 932 1191 986 Non
1211 946 1323 992 constat
1337 936 1373 994 de
1389 938 1516 1011 Achille3
1537 941 1674 1000 credibile

99 980 190 1055 διπλῆ,
205 981 245 1042 ὅτι
255 987 285 1042 ἐκ
297 991 344 1044 τοῦ
357 989 477 1070 εἰρῆσθαι
489 992 670 1073 ἱππιοχάρμην
684 994 727 1054 τὸν
742 995 880 1080 Τρωΐλον,
914 1017 957 1062 est
978 1009 1121 1072 Priamum
1145 1017 1341 1080 introductum
1369 1044 1430 1083 esse
1456 1040 1484 1084 et
1506 1029 1675 1105 Hecubam,

98 1069 122 1124 ol
139 1069 262 1152 νεώτεροι
284 1073 325 1156 ἐφ’
336 1072 419 1136 ἵππου
439 1078 597 1158 διωκόμενον
616 1083 800 1143 ὑποτίθενται·
815 1102 861 1157 et,
914 1091 1033 1156 fortasse
1048 1103 1304 1184 Hectorem,quem
1318 1112 1398 1170 aiunt
1413 1113 1443 1171 iu
1462 1117 1582 1194 antiquo
1596 1138 1674 1177 mar-

98 1155 160 1235 [78]
176 1157 312 1220 Ἐντεῦθεν
334 1165 471 1246 Σοφοκλῆς
495 1167 522 1224 ἐν
547 1163 660 1250 Τρωΐλιμ
683 1171 762 1252 φησὶν
783 1173 861 1232 eous
914 1198 994 1241 more
1010 1203 1177 1264 expressum
1196 1213 1258 1252 esse
1278 1198 1454 1258 auferentem
1477 1222 1584 1280 corpus
1607 1207 1673 1284 pul-

97 1245 237 1322 ὀχευθῆναι
247 1248 299 1309 sut
314 1249 455 1330 Ἀχιλλέως
465 1252 561 1323 ἵππους
572 1256 735 1335 γυμνάζοντα
747 1259 819 1340 παρὰ
830 1261 861 1320 τὸ
912 1269 1046 1331 cherrimi
1057 1275 1246 1341 adolescentis
1257 1283 1337 1342 hasta
1348 1289 1485 1364 percussi.
1499 1292 1673 1372 Paedagogus

97 1333 254 1414 Θνμθραῑον
271 1336 315 1396 καὶ
339 1341 486 1401 ἀποθανεῖν.
507 1345 674 1404 Eustathius
690 1369 696 1403 :
714 1345 766 1407 “Os
781 1371 860 1430 φασιν
912 1370 989 1416 certe
1001 1360 1184 1425 introductus
1200 1383 1243 1428 est
1257 1383 1286 1428 et
1299 1372 1404 1432 chorus
1418 1388 1467 1433 aut
1488 1397 1523 1436 ex
1538 1381 1674 1439 sacerdo-

97 1417 191 1490 θππους
212 1425 295 1506 ἓντῷ
314 1427 464 1512 Θυμάραθιμ
484 1431 647 1509 γυμνάζοντα
665 1434 750 1516 λόγχῃ
771 1447 858 1498 πεσεῖν
912 1443 997 1518 tibus,
1011 1448 1042 1506 id
1055 1453 1134 1529 quod
1146 1457 1314 1518 Welclrerus
1330 1461 1456 1538 conjicit,
1473 1478 1567 1524 autex
1581 1471 1672 1528 comi-

97 1507 147 1568 θπθ
167 1509 318 1591 Ἀχιλλέως.
341 1521 385 1575 Ex
399 1519 506 1596 quibus
522 1521 685 1581 Welckerus
700 1524 772 1583 illud
784 1527 860 1606 ὀχευ-
911 1531 988 1592 tibus
1001 1550 1062 1596 erat
1072 1544 1260 1620 compositus,
1273 1548 1324 1624 qui
1337 1548 1456 1608 fortasse
1467 1551 1508 1609 illi
1521 1552 1582 1631 [79]
1592 1582 1604 1607 ν
1615 1557 1673 1636 θρο-

97 1600 173 1667 θῆναι
186 1599 216 1657 iu
231 1601 407 1681 λογχευθῆναι
424 1609 556 1666 mutavit.
911 1620 1007 1700 σάγγαι
1022 1651 1045 1699 ν,
1059 1629 1279 1711 σωματοφύλακες
1292 1633 1387 1714 (Phot.
1401 1659 1429 1717 p.
1444 1639 1513 1711 674,
1527 1642 1576 1720 20)
1588 1657 1672 1718 scrut,

133 1691 305 1764 Fragmenta
324 1694 466 1771 tragoediae
482 1717 546 1774 quae
561 1713 715 1776 supersunt
733 1713 761 1760 et
775 1702 859 1762 valde
910 1711 1002 1786 quiin
1018 1713 1183 1793 fragmentis
1195 1736 1400 1785 memorantur.
1414 1731 1514 1804 Neque
1524 1731 1599 1788 enim
1613 1752 1672 1790 cre-

96 1775 191 1832 tenuia
199 1789 267 1836 sunt
275 1791 304 1836 et
312 1778 655 1862 obscurioraquamutex
665 1788 698 1846 iis
706 1791 777 1849 certi
787 1791 856 1868 quid
910 1797 999 1858 dibile
1013 1806 1199 1866 estTroilum
1214 1809 1306 1868 solum
1322 1810 1409 1871 domo
1426 1815 1537 1873 exiisse.
1552 1822 1612 1875 Nec
1623 1819 1672 1879 ille

94 1869 305 1944 eruas.1taque
326 1867 409 1928 facile
420 1871 450 1928 in
462 1886 585 1931 mentem
601 1875 699 1934 venire
713 1879 857 1938 Bruncldo
909 1887 987 1945 solus
1002 1889 1124 1972 interiit,
1141 1895 1191 1954 sed
1204 1917 1268 1956 cum
1284 1918 1319 1958 co
1330 1904 1474 1976 Maestor,
1490 1903 1567 1981 apud
1584 1907 1670 1966 Diuo.

93 1949 215 2029 aliisque
233 1957 330 2032 potuit
354 1959 430 2018 iuter
452 1960 563 2020 fabulas
585 1965 725 2042 satyricus
749 1969 858 2027 referre
909 1977 963 2047 XI,
980 1996 1008 2054 p.
1025 1978 1093 2041 338.

94 2041 240 2114 Troilum,
262 2045 330 2121 quia
353 2067 370 2104 a
392 2048 566 2126 quibusdam
589 2072 625 2111 ex
647 2056 857 2116 recentioribus
950 2067 993 2122 De
1010 2070 1222 2146 compositione
1236 2074 1381 2152 tragoediae
1393 2077 1464 2135 nihil
1480 2092 1600 2138 constat.
1615 2083 1668 2142 Vi·

94 2129 286 2206 scriptoribus
300 2135 426 2194 Achilles
437 2158 535 2197 amore
549 2142 632 2217 pueri
650 2155 751 2221 captus
771 2143 857 2204 fuisse
909 2149 993 2210 detur
1003 2165 1096 2214 tamen
1108 2157 1189 2217 initio
1202 2160 1374 2242 paedagogus
1388 2164 1597 2225 adolescentem
1608 2181 1671 2227 stu·

95 2216 226 2276 traditur.
239 2221 370 2291 Quorum
385 2224 502 2302 iugenio
515 2246 689 2306 quamquam
701 2251 760 2289 non
774 2232 859 2291 dubi·
910 2238 959 2296 dio
971 2259 1113 2318 equorum
1139 2249 1247 2306 elatum
1272 2252 1434 2325 monuisse,
1463 2266 1497 2311 ut
1524 2254 1561 2313 ab
1588 2257 1670 2316 hoste

94 2303 211 2364 tandum
224 2322 267 2366 est
278 2311 348 2386 quin
361 2312 416 2370 hoc
429 2314 574 2374 inventum
589 2317 745 2391 debeatur,
762 2333 855 2379 tamen
909 2343 1041 2403 caveret,
1058 2345 1087 2391 et
1104 2347 1134 2392 ut
1155 2335 1238 2396 fidem
1250 2338 1279 2395 in
1290 2339 1371 2397 illum
1388 2340 1566 2415 ostenderet,
1583 2345 1670 2403 vitam

93 2411 151 2449 aon
172 2407 217 2452 est
235 2395 427 2475 improbabile
442 2401 517 2460 inter
533 2415 630 2463 uetera
650 2406 717 2478 illa,
739 2427 802 2484 quae
821 2409 856 2468 de
909 2435 1040 2477 narrasse
1053 2441 1143 2479 suam.
1154 2427 1217 2484 Hoc
1229 2427 1404 2504 exprimitur
1418 2428 1578 2506 fragmento
1593 2433 1670 2510 apud

94 2481 190 2541 Troilo
204 2485 413 2561 narrabantur,
429 2489 515 2548 fuisse
532 2492 678 2569 quaedam,
700 2514 735 2553 ex
752 2495 856 2572 quibus
909 2504 1017 2564 Polluc.
1029 2512 1069 2582 X,
1086 2509 1141 2567 165
1155 2535 1162 2570 :
1177 2511 1277 2595 Ξίφους
1292 2513 1319 2572 δὲ
1329 2512 1413 2592 ὄνομα
1424 2513 1505 2574 ἔοικεν
1518 2507 1586 2576 εἶναι
1604 2523 1668 2600 βαρ-

93 2568 121 2624 id
137 2583 326 2648 repeteretur.
340 2581 440 2654 Itaque
456 2578 590 2656 conjicias
604 2581 778 2658 Sophoclem
795 2585 856 2642 for·
909 2589 1016 2672 ὅαρικλν
1030 2599 1048 2667 ἡ
1064 2597 1182 2679 σκαλμή,
1198 2599 1362 2683 Σοφοκλέους
1373 2602 1492 2670 εἰπόντος
1500 2605 1526 2664 ἐν
1540 2607 1669 2688 Τρωΐλιμ·

93 2668 166 2718 tasse
180 2661 408 2737 pulcherrimum
421 2685 545 2743 puerum
557 2667 593 2726 ah
607 2668 716 2728 Achille
726 2670 858 2748 deplora·

94 2759 152 2806 tum
166 2770 230 2810 esse
243 2752 400 2830 scripsisse.
417 2756 488 2815 Inde
504 2777 575 2817 vero
587 2771 680 2837 poetae
693 2763 806 2840 egregia
820 2763 855 2821 ad
881 2803 885 2852 Ι
909 2721 970 2808 [⁸⁰]
983 2720 1669 2824 Σκαλμῇάᾶρὄρχειςβασιλὶςέκτεμοῦέἐμῦύς·

93 2839 253 2898 ornandam
283 2844 450 2922 tragoediam
473 2849 647 2926 suppetebat
668 2853 807 2924 materia,
832 2854 856 2912 si
908 2860 1027 2919 Hecuba
1034 2861 1120 2940 jussit
1131 2863 1210 2922 illum
1221 2866 1489 2945 castrari,utpuero
1498 2867 1671 2946 paedagogus

95 2926 187 2985 victor
199 2949 324 3007 puerum
338 2933 458 2993 canibus
473 2955 531 2993 non
546 2937 670 3015 objecit,
685 2939 777 2998 sedin
790 2961 855 3000 eum
909 2947 977 3006 addi
1000 2961 1108 3027 posset.
1122 2951 1234 3010 Deinde
1258 2953 1353 3011 eidem
1378 2954 1581 3014 vindicandum
1604 2975 1672 3014 ver-

95 3017 217 3075 contulit
232 3037 352 3080 munera
368 3041 432 3099 quae
447 3043 463 3080 a
480 3024 548 3082 solis
564 3025 731 3103 parentibus
744 3041 856 3106 etpro·
909 3035 979 3094 hum
1000 3035 1036 3095 ab
1053 3038 1200 3114 Hesychia
1225 3060 1254 3098 ν.
1268 3039 1587 3117 llpdoerurservatum,
1613 3063 1672 3121 quo

95 3102 211 3180 pinquis
226 3110 386 3184 exspectari
399 3123 540 3188 poterant.
911 3144 1034 3204 puerum
1053 3125 1188 3186 admonet
1208 3147 1244 3187 ne
1258 3128 1294 3187 ad
1312 3129 1452 3188 Achillem
1469 3130 1606 3201 accedat,
1620 3129 1671 3207 qui

132 3195 247 3251 Docent
276 3196 438 3256 scholiaslae
463 3199 500 3258 ad
526 3201 664 3280 templum
692 3203 856 3281 Thymbrael
910 3215 991 3272 illum
1020 3213 1057 3273 sit
1080 3216 1329 3296 occisurus:[81]
1348 3216 1526 3298 ιιάμάσεταιν
1551 3216 1604 3276 dub
1625 3221 1673 3289 τῆς
1772 3231 1775 3236 “

95 3281 257 3356 Apollinis,
274 3303 333 3360 quo
344 3286 460 3347 Troilus
472 3289 700 3350 exercendorum
718 3312 858 3370 equorum
911 3301 1036 3379 ἀμήοεως
1055 3302 1134 3362 οἱονεὶ
1159 3302 1258 3386 σφάξει.
1283 3306 1315 3364 Σ.
1338 3300 1461 3388 Τρωθλιρ.
1475 3305 1632 3365 interficiet
1644 3317 1672 3364 te

94 3387 177 3428 causa
195 3391 227 3430 se
241 3373 414 3447 contulerit,
437 3396 559 3454 puerum
579 3397 643 3438 esse
664 3380 857 3442 interfectum.
910 3391 1035 3449 Achilles
1053 3392 1077 3449 si
1100 3411 1116 3450 a
1136 3392 1243 3470 templo
1266 3392 1392 3451 recedes.
1414 3399 1481 3452 Non
1499 3393 1591 3452 audiit
1611 3393 1669 3451 ille.

94 3455 137 3515 lbi
156 3471 235 3518 tutus
253 3461 290 3519 ab
302 3462 384 3522 hoste
398 3483 459 3524 esse
469 3477 591 3542 poterat,
601 3467 669 3544 quia
681 3469 752 3528 socii
763 3471 857 3529 locum
910 3484 1038 3539 Ornatur
1063 3491 1093 3536 et
1116 3480 1267 3556 inungitur
1292 3479 1458 3540 adolescens
1483 3480 1668 3561 ἱππιοχάρμης

95 3546 257 3606 munierant
268 3548 366 3628 (Iliad.
383 3553 427 3624 Π,
449 3552 533 3633 430).
552 3553 663 3613 Eodem
679 3557 744 3615 loco
759 3559 858 3617 Achil·
910 3565 991 3624 lliad.
1002 3567 1043 3635 Ω,
1059 3566 1126 3639 ²57·
1139 3567 1316 3644 Hesychius:
1329 3567 1391 3645 [82]
1407 3594 1420 3620 ιι
1431 3569 1563 3626 ἐλαιοῢται
1575 3565 1630 3648 θρίξ
1640 3593 1672 3641 ,ν

96 3634 134 3692 les
152 3637 249 3712 periit.
264 3643 394 3716 Uterque
415 3653 509 3700 tutum
530 3661 561 3700 se
582 3642 643 3703 fore
663 3646 798 3722 praesidio
812 3646 859 3707 dei
911 3655 943 3714 Σ.
954 3647 1075 3735 Τρωΐλιρ.
1089 3652 1256 3736 Ἀρίσταρχος
1268 3657 1433 3737 ρυπαίνεται·
1448 3655 1548 3735 βελτιον
1559 3653 1585 3714 δὲ
1597 3657 1671 3732 λαμ-

93 3724 237 3800 sperauit,
246 3725 351 3803 justius
362 3729 587 3806 Troilus,quem
601 3729 779 3810 abApolline
790 3732 860 3792 ada·
910 3745 1050 3823 πρύνεται·
1088 3761 1183 3819 neque
1205 3756 1248 3802 est
1271 3745 1453 3816 inarmatus3
1491 3763 1556 3801 uam
1585 3742 1673 3801 habet

96 3823 202 3868 matum
220 3814 374 3892 scriptores
389 3818 566 3895 antiquiores
580 3819 750 3877 retulerunt.
760 3825 858 3880 lucer·
911 3829 974 3908 [83]
992 3827 1080 3912 «ἕρκη
1092 3874 1100 3903 ,
1113 3855 1125 3883 ν
1139 3828 1228 3902 ὅπλα,
1253 3832 1285 3891 Σ.
1306 3829 1433 3913 Τρωΐλῳ,
1455 3831 1578 3909 Hesych.
1596 3835 1672 3890 For-

95 3907 156 3954 tum
183 3911 280 3959 tamen
305 3916 362 3977 est,
383 3924 442 3982 quo
456 3907 484 3964 in
500 3907 565 3965 loco
579 3919 666 3985 poeta
682 3927 727 3966 res
747 3908 777 3966 iu
799 3922 859 3967 tra·
912 3931 987 3977 tasse
1008 3918 1065 3976 huc
1079 3918 1260 3978 referendum
1273 3919 1329 3977 hoc
1340 3940 1387 3998 ap.
1399 3920 1483 3982 Phor,
1496 3940 1527 3998 p.
1545 3928 1600 3995 497
1612 3919 1648 3994 ,3

96 3984 189 4059 goedta
204 4000 281 4048 actas
302 3993 439 4068 posuerit.
452 3993 482 4052 si
495 3994 621 4053 Achilles
635 3995 711 4054 inter
723 4016 860 4074 personas
912 4002 974 4088 [aa]
988 4005 1218 4088 ιΣακοδερμίι-ρς,
1231 4032 1244 4060 ν
1258 4008 1290 4067 Σ.
1303 4001 1436 4088 Τρωΐλιρ·
1451 4009 1475 4066 οἱ
1490 4004 1537 4084 μὲν
1549 4007 1593 4066 τὸν
1604 4006 1670 4088 ὄφιν,

97 4070 213 4148 fuisset,
229 4078 321 4136 multo
336 4078 446 4139 facilior
468 4094 544 4141 esset
567 4081 748 4160 conjectura3
768 4085 814 4156 uel
835 4086 859 4143 si
912 4097 936 4153 οῖ
957 4093 985 4152 δὲ
1002 4092 1128 4164 σκώληκα
1148 4095 1181 4152 τά
1204 4091 1322 4173 δέρματα
1336 4094 1490 4154 διεσθίοντα.
1511 4093 1631 4173 Ἄμεινον
1646 4095 1672 4154 θλ

96 4174 206 4222 certum
222 4179 310 4237 esset,
323 4167 352 4224 id
368 4169 446 4245 quod
463 4170 504 4227 ait
517 4159 684 4230 Welclserus
694 4215 702 4245 ,
714 4191 749 4230 ex
763 4191 859 4230 sacer·
911 4182 954 4242 τὸν
967 4181 1055 4262 {alep
1064 4179 1173 4263 δέρματι
1184 4180 1284 4261 χαλκθν
1297 4181 1402 4262 ἔχοντα,
1412 4182 1474 4263 παρ’
1487 4179 1546 4242 ὅσον
1559 4181 1592 4242 τά
1603 4183 1671 4254 σάκη

95 4247 215 4312 dotibus
235 4254 357 4314 chorum
381 4258 565 4331 constitisse,
588 4279 647 4317 non
670 4259 861 4320 dubitandum
912 4269 1053 4350 ἕπίχαλκα.
1073 4269 1177 4346 (Conf.
1194 4271 1318 4348 Hesych.
1338 4291 1386 4328 vv.
1408 4269 1622 4351 Σακοδερμιστής
1643 4283 1671 4372 el

97 4353 186 4414 esset,
204 4344 275 4419 quin
290 4345 385 4403 omnia
399 4345 434 4403 ad
448 4347 588 4424 templum
601 4360 742 4406 transacta
752 4361 856 4408 essent.
912 4356 1080 4440 Δερμισι-άς.)
1095 4357 1207 4430 Quibus
1219 4359 1367 4418 transactis
1376 4359 1498 4418 nuncius
1508 4359 1674 4453 intervenit,

97 4429 168 4487 Inde
192 4431 279 4489 etiam
303 4432 459 4492 divinando
486 4436 593 4494 rectius
617 4456 857 4514 assequeremur,
912 4447 962 4525 qui
974 4465 1038 4524 qam
1053 4458 1115 4504 acta
1129 4447 1186 4505 sint
1199 4461 1267 4525 post
1285 4447 1441 4506 discessum
1457 4446 1546 4503 Troili
1566 4447 1673 4518 refert,

96 4517 166 4593 quid
176 4517 277 4578 fuisset
288 4521 365 4598 quod
379 4535 465 4600 poeta
477 4523 658 4602 exposuisset
669 4524 700 4581 in
712 4524 860 4602 tragoedia.
912 4535 968 4593 nisi
983 4534 1046 4611 quis
1060 4535 1247 4613 paedagogum
1260 4535 1368 4593 redisse
1381 4545 1464 4611 putet
1479 4533 1529 4608 qui
1543 4534 1672 4634 Troilum

98 4606 226 4681 Apparet
249 4621 342 4666 tamen
366 4622 460 4669 morte
484 4611 567 4687 pueri
592 4611 758 4690 tragoediam
784 4612 861 4670 finiri
912 4624 1093 4682 interfectum
1105 4642 1167 4682 esse
1177 4622 1334 4681 indicet.ld
1346 4635 1388 4681 est
1397 4620 1474 4699 apud
1488 4620 1672 4684 schohPrnd.

97 4709 156 4749 non
180 4696 319 4772 potuisse.
344 4701 414 4756 Erat
436 4697 622 4758 redimendus
644 4699 713 4773 ille,
740 4701 860 4758 fortasse
912 4711 1113 4789 pyrh,11,121
1134 4731 1142 4771 :
1158 4711 1295 4790 Σοροχλῆς
1308 4708 1351 4768 ἐπὶ
1362 4713 1407 4767 τοῦ
1420 4705 1562 4790 Τρωΐλον,

98 4776 501 4863 lamentandus,sepeliendus.
511 4788 719 4846 lamentationi
729 4807 859 4866 magnam

100 4880 209 4942 partem
224 4871 368 4950 tragoediae
389 4873 593 4952 adscripserim
612 4875 641 4933 in
659 4875 793 4945 homine,
810 4877 860 4954 qui
1417 4961 1423 4975 ρ
1567 4959 1576 4982 '

99 4953 175 5012 nulla
193 4974 224 5014 re
242 4958 298 5016 nisi
313 4972 405 5018 morte
425 4961 547 5040 insignis
567 4961 640 5040 fuit3
661 4962 712 5022 sed
738 4964 860 5041 plurima
914 4962 1099 5021 Blomfreldus
1131 4959 1268 5033 δεσπότην.
1300 4962 1461 5039 Hesychius
1490 4985 1497 5020 ι
1529 4988 1542 5016 ι
1572 4957 1673 5042 Ανδρθ·

911 4841 974 4921 [85]
989 4839 1049 4906 Τὸν
1064 4827 1263 4930 sulpurata
1274 4827 1428 4914 δεσπότης
1444 4833 1599 4903 ἀπώλεσα.

1272 5145 1318 5198 85.

99 5208 206 5268 Scalma
219 5213 291 5271 enirn
303 5216 445 5276 testiculos
455 5144 551 5294 iligna
563 5235 691 5278 exsecant
703 5236 787 5279 meos.
917 5223 1037 5279 Puerum
1050 5219 1121 5277 virili
1135 5219 1226 5277 aniano
1237 5217 1366 5278 domiuus
1379 5218 1468 5277 amisi.
