3656 5798
651 390 824 452 AESCHYLI
845 391 1092 464 FRAGMENTA.
1596 433 1653 488 iae

69 521 136 600 ipsa
152 542 188 582 re
200 521 356 581 indicatur.
373 521 459 580 Venit
472 522 573 583 Thetis
593 543 658 583 cuni
673 524 845 584 Nereidibus
889 543 974 607 poeta
992 537 1138 599 Romanus
1154 545 1256 620 procul
1271 545 1363 606 dnbio
1378 571 1460 610 snum
1479 567 1592 616 secutus
1600 557 1653 618 'in-

66 627 153 669 arma
176 611 313 682 allatuia;
336 623 463 669 armatur
487 611 632 686 Achilles,
664 614 694 671 iii
720 633 845 692 pugnam
888 620 1003 695 genium
1022 631 1199 690 commentus
1219 645 1277 704 est;
1294 638 1361 696 nain
1381 639 1463 700 facile
1484 642 1653 725 intelligitur

66 701 146 773 ruit,
176 707 334 761 Hectorem
357 701 561 781 interemptum
585 703 662 762 circa
684 705 790 762 moenia
810 705 845 763 acl
888 722 1026 786 quantum
1044 714 1100 774 ista
1119 725 1256 781 aGraecae
1270 727 1414 804 tragoediae
1432 731 1528 792 indole
1541 733 1651 797 abhor.

64 809 194 848 currum
208 791 362 868 religatum
374 789 467 868 rapit,
477 789 581 849 deinde
592 791 718 851 vindicta
730 794 844 872 expleta
887 811 978 857 reant.
1002 803 1059 862 Sed
1086 806 1245 869 adveniunt
1269 815 1406 876 Nereides
1424 839 1504 880 arma
1525 825 1652 888 ellatur-n

64 881 95 940 in
118 880 298 939 tentorium·
310 879 385 938 redit
405 899 498 938 sunm.
523 881 644 960 Reliqua
660 882 743 942 ¹valde
756 882 843 943 dubia
888 885 978 968 (apud
992 891 1089 952 Schol.
1103 896 1139 956 ad
1152 901 1252 979 Enrip.
1269 903 1365 963 Phoen.
1387 908 1455 986 209)

64 983 136 1028 sunt
153 987 261 1048 'neque
274 965 436 1048 ¹quidquam
453 982 565 1028 constat
581 971 618 1030 de
629 971 720 1030 choro
740 987 789 1031 aiii
807 974 844 1033 de

64 1060 207 1137 personis
228 1053 374 1138 tragoediae
390 1058 468 1136 quod
483 1071 563 1118 certo
584 1060 719 1120 affirmari
743 1064 842 1140 possit.

1466 953 1475 984 5

967 1019 1030 1098 [aa]
1065 1021 1243 1114 Δελφινκρδν
1257 1015 1360 1092 πεδίον
1379 1025 1493 1096 πόντου

64 1153 107 1205 Ac
117 1169 157 1206 ne
171 1147 333 1226 id‘quidem
347 1160 426 1206 certo
438 1147 496 1206 dici
509 1147 686 1228 potest'niim
698 1151 841 1231 tragoedia,
966 1112 1214 1216 δίαίῑεῑψάμεναῑ·

62 1256 156 1313 quani
170 1237 327 1314 AEscbylns
338 1235 491 1296 Nereidum
505 1239 622 1296 nomine
634 1235 797 1319 inscripsit,
806 1243 842 1301 ad
925 1244 1021 1302 Armis
1037 1247 1162 1326 acceptis
1173 1248 1300 1310 Achilles
1313 1272 1343 1311 se
1358 1271 1521 1334 comparat,
1536 1273 1568 1318 nt
1583 1262 1650 1322 vin-

62 1324 139 1383 hanc
151 1326 302 1403 trilogiam
316 1326 498 1405 pertinuerit,
507 1347 544 1385 an
553 1333 711 1388 Armorum
720 1325 841 1407 judicio,
885 1329 992 1391 dictam
1012 1347 1106 1393 suniat
1129 1335 1166 1394 de
1187 1341 1327 1414 Hectore,
1352 1343 1404 1422 qui
1427 1347 1503 1408 caede
1527 1353 1650 1412 Patrocli

61 1407 185 1471 Ὀπλων
203 1413 303 1498 κρίσει,
327 1413 495 1474 ascribenda
520 1417 577 1491 sii,
595 1439 631 1477 au
650 1413 779 1480 ¹fortasse
805 1422 840 1480 ad
884 1419 975 1478 elatus
994 1423 1095 1482 Achilli
1117 1423 1187 1503 ipsi,
1204 1427 1286 1506 cujus
1308 1450 1388 1490 arma
1409 1449 1540 1513 ceperat,
1561 1439 1651 1499 inter-

60 1503 518 1590 neutramreferendavidentiir
528 1518 623 1567 tamen
630 1509 765 1569 Nereides
774 1532 840 1570 cuni
884 1509 955 1569 itum
969 1531 1000 1569 se
1010 1513 1162 1573 allaturum
1174 1531 1235 1575 erat
1249 1520 1395 1598 gloriatus.
1412 1531 1456 1584 lta
1469 1539 1566 1586 autem
1584 1530 1651 1589 cho-

60 1605 160 1652 matre
178 1593 371 1652 Achilliarina
384 1613 400 1652 a
412 1596 541 1654 Vulcano
551 1597 689 1656 fabricata
700 1601 839 1674 attulisse,
884 1623 932 1662 rus
955 1623 988 1662 ea
1000 1605 1036 1664 de
1050 1625 1082 1664 re
1097 1627 1104 1664 ε
1250 1610 1253 1618 ’

60 1693 101 1753 et,
113 1683 140 1740 si
151 1681 187 1740 id
200 1683 340 1756 lecerunt,
352 1683 472 1742 chorum
483 1685 672 1746 constituisse.
687 1689 841 1768 Sequimur

58 1765 739 1852 Herinannum,qniAchillem'putatlabi'ilaii'i
755 1798 840 1837 exor-
1181 1837 1187 1860 ,
1239 1843 1255 1858 Ν

59 1880 126 1918 suin
138 1879 292 1938 moraeque
306 1861 502 1938 impatientem
514 1863 560 1921 vel
572 1863 711 1924 inermem
721 1866 839 1946 prodire
1041 1831 1164 1960 ἔγίωτοξ
1178 1830 1254 1962 uim}
1335 1941 1343 1964 Ι

60 1948 218 2023 voluisse,
240 1961 274 2008 iit
299 1949 397 2008 hostes
428 1950 583 2010 adoriatur.
602 1947 673 2012 'Hoc
696 1955 839 2014 indicatur
963 1936 1048 2015 τὲδθς
1066 1937 1411 2034 αθαναῖωναπῦλῑῑψῑῑ,

58 2057 149 2095 versu
166 2036 241 2098 Attii
253 2037 333 2116 apud
344 2039 471 2097 Nonium
483 2061 512 2119 p.
524 2043 591 2114 233,
611 2043 666 2100 18:
961 2035 1024 2119 ἥξει
1044 2035 1073 2110 τ’
1086 2046 1219 2138 ἐχθρούς.

94 2155 139 2210 Ut
153 2169 232 2210 nnnc
238 2169 325 2227 quum
335 2153 473 2212 animatus
481 2155 549 2225 iero,
559 2155 627 2214 satis
637 2159 754 2216 armatu'
763 2175 836 2217 sum.
883 2160 930 2220 Sic
943 2165 1111 2225 emendavit
1125 2170 1308 2229 Hermannns
1323 2171 1385 2232 haec
1401 2175 1552 2252 Hesychii:
1568 2176 1650 2239 Ἐνα-

57 2269 167 2328 Posuit
194 2281 293 2328 antem
317 2271 413 2330 Attius
441 2271 477 2330 ad
500 2271 719 2332 similitudinem
738 2296 838 2354 graecae
882 2251 1006 2334 Ραίόίθίε
1019 2252 1447 2341 σκυλοφόίοί·Ἒ”Ροκῗίνῒαίδὲ
1459 2267 1649 2348 emnedzar

57 2359 171 2436 lingum
185 2365 341 2417 aur'matnm
357 2380 412 2439 pro
427 2367 505 2419 mm,
521 2362 637 2422 Retinet
652 2381 720 2422 eum
734 2366 837 2444 ,liquis
881 2342 946 2423 ὑψοῦ
955 2343 1029 2411 τελος
1041 2344 1176 2452 ἀθανάτων
1194 2348 1321 2430 ἀπολίψει
1334 2351 1387 2429 (sic
1407 2356 1519 2415 codex:
1535 2363 1646 2419 Musnr.

59 2445 121 2506 ιω,
134 2447 236 2506 dicen,
252 2447 334 2528 (ibid,
354 2470 383 2527 Ρ,
396 2451 464 2524 307,
480 2450 510 2528 9)
525 2472 532 2508 :
881 2433 1043 2517 ἀπολείψει),
1057 2437 1187 2516 Αἰτχυλος
1209 2433 1386 2522 ἒνΝηρείοιν.
1400 2445 1435 2503 Οἱ
1459 2445 1647 2528 ὑπομνηματ,.

93 2563 203 2646 Tamen
216 2560 571 2636 baudlatisear'quintnam
582 2565 728 2638 implorem
739 2565 833 2626 fldem.
880 2520 941 2582 παὶ
955 2523 1027 2606 παρὰ
1038 2523 1068 2585 τὸ
1083 2527 1180 2606 inm·
1193 2528 1249 2588 ⁰d·
1261 2533 1306 2603 X’
1322 2533 1402 2608 lul·

171 2669 178 2682 .
375 2671 381 2684 .
467 2672 475 2685 ,
611 2673 618 2688 ,
920 2615 981 2694 Οὐχ
994 2612 1053 2686 ὁσίη
1068 2612 1230 2697 φθιμένοισιν
1245 2617 1287 2676 ἐπ’
1308 2618 1433 2701 ἀνδράσιν
1452 2624 1625 2704 εὐχετάασθαι
1639 2655 1646 2671 ·

59 2670 179 2728 Referri
190 2668 228 2727 ad
239 2669 314 2728 hanc
327 2669 580 2772 deliberationem,
593 2679 833 2752 aitHermannns,
878 2701 922 2762 q„
934 2694 952 2784 ᾗ
964 2706 978 2761 ὁ
991 2709 1062 2776 νοῦς,
1077 2702 1130 2762 tat
1144 2703 1336 2787 ἕναρωιτάντας
1348 2707 1458 2771 θάνατόν
1472 2737 1519 2791 μοι
1537 2718 1645 2794 (codex

59 2759 119 2818 liaeo
134 2778 255 2836 quoque
274 2771 405 2836 possunt,
419 2757 488 2818 ibid.
503 2781 533 2839 p.
551 2761 617 2837 158,
633 2782 671 2822 a:

879 2792 937 2871 μη)
951 2790 1168 2873 ἐπικαυχώμενος
1180 2793 1211 2854 ab
1221 2796 1252 2854 tx
1263 2799 1317 2856 τῶν
1330 2800 1395 2858 θεῶν
1409 2797 1482 2870 τίλος
1494 2805 1560 2887 ὑψοῦ
1576 2810 1645 2868 diio-

109 2871 233 2944 Quodsi
248 2871 386 2945 procedit,
405 2889 494 2947 neque
511 2883 539 2932 te
556 2892 644 2950 neque
664 2895 832 2955 quemquam
877 2879 978 2964 λείψει,
992 2879 1027 2942 edi
1041 2884 1095 2941 τῶν
1111 2881 1247 2944 ἀθανάτων
1265 2883 1336 2967 ίίψη,
1350 2886 1396 2946 καί
1408 2889 1452 2949 ἐπὶ
1464 2889 1525 2961 τοὺς
1538 2896 1646 2978 ἐχθροὺς

514 2955 643 3026 ἃῑῢῑῑῑθῑο
876 2968 941 3042 ἥξει.
955 2972 1064 3030 Eodem
1087 2971 1205 3050 respicit
1226 2975 1357 3036 Enstath.
1373 2998 1404 3056 p.
1427 2983 1495 3055 437,
1511 3004 1548 3043 ao
1570 2984 1643 3047 εἘκ

107 3041 170 3090 tuae
183 3032 356 3107 poenitunim
371 3031 477 3103 laudis,
491 3050 575 3108 quani
588 3045 621 3094 ut
633 3053 724 3098 series
740 3040 811 3098 vide.
875 3063 922 3120 ,ὤ
937 3057 995 3120 ivel

56 3131 265 3212 Cohaerebassb
277 3133 383 3211 lflqub
400 3135 520 3196 s⁰s²⁸⁵⁵⁰
532 3157 597 3196 cum
611 3138 668 3196 illis
678 3139 708 3198 hl
719 3161 829 3218 ν(Ἦῦὅν
914 3172 1087 3229 Conseretur
1106 3189 1203 3248 pugna
1221 3168 1283 3250 (ap.
1299 3172 1392 3234 Schol.
1408 3176 1488 3236 Pind.
1501 3179 1538 3238 ad
1560 3184 1642 3244 Nem,

56 3221 127 3282 ibid.
138 3223 251 3302 p.485‚
272 3224 330 3280 15²
849 3181 854 3302 i
875 3263 925 3332 vl,
939 3257 1005 3338 85):

104 3333 143 3386 Et
157 3338 256 3424 cqntra
270 3337 405 3403 qnantum
417 3329 550 3400 obfueris,
564 3334 588 3391 si
598 3334 688 3393 victus
699 3337 765 3430 sies,
1031 3378 1092 3465 [45]
1109 3377 1258 3470 Κᾶμακος
1280 3369 1311 3446 gi
1329 3376 1401 3449 gg„

107 3409 493 3482 considerastqnoreiocoe
506 3424 776 3473 summameiierciti.
1060 3469 1062 3472 -

55 3511 128 3566 Tum
145 3528 176 3585 p.
192 3509 262 3582 257,
280 3507 296 3565 5
310 3529 317 3564 :
1032 3487 1202 3578 γλώσσπμοι
1214 3476 1355 3555 διπλοῦν.

89 3619 176 3676 Proin
186 3617 257 3676 mid
266 3620 312 3677 cui
325 3620 385 3693 flat,
397 3638 454 3679 non
465 3623 512 3696 qui
527 3623 624 3696 facias,
637 3642 776 3701 compara·
873 3603 929 3660 Alii
943 3600 1045 3684 δίκρουν
1063 3605 1276 3708 legunt.·ded.
1295 3606 1416 3710 κοίμακοτ
1437 3599 1501 3712 εἶσιν
1522 3613 1641 3692 κάμακος

872 3691 915 3768 γλ.
930 3690 1078 3752 διπλάσιον.
1096 3699 1193 3753 Armis
1207 3694 1324 3754 indutus
1344 3697 1467 3756 Achilles
1486 3701 1638 3764 rubellum

872 3781 930 3838 init
945 3781 1112 3860 ingentique
1132 3793 1226 3861 strage
1246 3783 1324 3842 edita
1344 3787 1501 3846 Hectorem
1519 3792 1635 3852 occidit,

871 3873 966 3941 Quam
978 3881 1100 3948 stragem
1115 3889 1203 3947 quum
1214 3870 1336 3930 nuncius
1350 3872 1580 3952 splendidissime
1589 3900 1635 3940 ex·

869 3970 1005 4035 poneret,
1016 3979 1085 4017 usus
1096 3971 1140 4017 est
1151 3957 1259 4034 verbo,
1269 3961 1348 4039 quod
1358 3965 1519 4041 Hesychius
1529 3989 1566 4028 ex
1582 3971 1636 4032 hac

869 4046 1009 4124 tragoedia
1019 4048 1163 4127 accepisse
1177 4048 1302 4108 videtur.
1315 4051 1399 4130 [46]ε
1410 4051 1517 4137 liudp»,
1532 4058 1636 4138 inquit,

362 4197 369 4210 ὓ
431 4200 437 4211 ⁸
867 4133 1026 4218 ἐπιδορατίς·
1039 4140 1435 4223 μεταφορικῶς·Αἰσχ.Νηρεῑ,
1452 4156 1481 4202 et
1494 4165 1635 4223 gramma-

56 4193 106 4250 Sed
119 4208 290 4272 perseverat
298 4197 422 4258 Achilles
430 4219 460 4258 in
469 4212 556 4279 capto
565 4205 697 4280 consilio,
707 4204 780 4266 ibid.
790 4228 818 4288 p.
867 4224 940 4284 ficus
958 4225 989 4284 in
1013 4227 1134 4286 Bekkesi
1155 4227 1310 4287 mellotis
1327 4250 1357 4308 p,
1379 4230 1455 4306 353,
1480 4235 1514 4293 15
1527 4258 1534 4294 :
1546 4233 1633 4320 Ἀνήρ,

56 4299 80 4352 ²2
89 4301 127 4340 aa
141 4306 148 4340 :
864 4314 936 4392 ἀκμὴ
945 4319 991 4376 τοῦ
999 4312 1161 4394 ἠκονημένον
1172 4314 1279 4396 σιδήρου
1288 4315 1357 4376 κατδι
1367 4319 1514 4402 praeputii
1523 4323 1576 4384 ἀπδ
1588 4331 1633 4385 τοῦ

98 4391 177 4445 Mors
194 4389 277 4447 amitti
300 4389 420 4466 subigit,
432 4394 544 4467 quaemi
554 4403 595 4454 est
608 4397 715 4456 senium
728 4401 818 4460 multo
863 4401 964 4487 ἀθέρος,
981 4403 1008 4474 δς
1020 4407 1076 4466 ἐστι
1091 4402 1283 4486 τοῦάστάχυος.
1295 4401 1408 4486 Λέγεται
1419 4405 1447 4468 dd
1458 4407 1531 4484 καὶὴ
1543 4413 1631 4474 irride-

513 4477 688 4536 acerrimum.
865 4493 1023 4577 peelrdtrlp.

56 4567 115 4623 llaec
128 4565 169 4625 ita
180 4571 380 4644 Hermannus,
394 4571 425 4630 in
438 4573 543 4650 quibus
558 4578 647 4636 multa
661 4592 742 4654 sunt,
754 4601 818 4660 qnae
902 4585 977 4644 Nihil
994 4586 1117 4663 amplius
1132 4589 1240 4644 Graecae
1252 4585 1397 4664 tragoediae
1409 4601 1553 4648 servatum
1567 4603 1627 4666 est,

963 1727 1025 1803 [44]
1046 1709 1281 1818 Εναροκτοίντοις
1292 1721 1327 1799 δὲ
1340 1733 1428 1824 φόνος
1441 1739 1549 1829 αὐχεῖς

996 3083 1048 3142 peni
1061 3059 1107 3119 ital
1122 3059 1232 3121 κτείνειν
1248 3063 1438 3146 ἐναροκτίντας
1452 3070 1596 3142 ίθίνοιτος.

56 3731 120 3800 Quo
134 3747 223 3786 versu
236 3729 348 3787 moneri
361 3730 478 3790 videtur
491 3732 631 3807 Achilles,
653 3755 689 3794 ne
703 3737 824 3796 nimium

56 3835 104 3873 sna
123 3817 234 3876 uirtute
252 3819 377 3877 conlisus
397 3821 516 3880 salutem
535 3822 706 3902 posthabeat
732 3828 825 3887 Graeci

56 3905 209 3980 exercitus,
215 3907 379 3986 cogitetque
388 3929 429 3983 se,
439 3910 463 3968 si
470 3911 611 3988 providus
621 3932 707 3989 quam
718 3925 824 3976 temere

57 3993 147 4052 andaii
158 4015 221 4054 esse
232 3996 328 4068 malit,
343 3997 422 4075 qnod
433 3998 538 4077 legitur
551 3998 592 4058 ib.
607 4020 636 4079 p.
650 4000 719 4081 519,
731 4004 749 4061 8
762 4049 770 4077 ,

87 4099 185 4156 Probis
202 4099 351 4172 probatum
365 4102 458 4175 potins
471 4119 557 4177 quain
570 4105 666 4163 multis
679 4105 748 4166 fore.

176 4837 183 4850 .
407 4756 455 4809 ⁴³·
835 4750 840 4780 Ι
862 4783 997 4840 auxilinm
1007 4783 1123 4842 deorum
1135 4782 1317 4858 derelinquet,

82 4836 232 4910 Delphinis
246 4839 382 4913 repletum
392 4857 521 4918 campum
534 4849 612 4920 ronti
859 4863 936 4923 etad
948 4863 1042 4924 hostes
1054 4865 1154 4924 reniet.

82 4923 267 4992 mmm
1219 4999 1266 5051 ιε.

1017 5097 1167 5169 uariaque
1183 5097 1335 5170 penetrabit

1016 5172 1117 5247 duplex
1130 5176 1222 5248 cuspis

408 5037 456 5092 44.

55 5134 137 5193 armis
149 5136 303 5211 eripiendis
318 5137 480 5202 interimens
492 5145 590 5204 cedes
603 5148 813 5221 gloriationibns

83 5214 245 5275 irascerisne
265 5217 323 5277 alto
