<?xml version="1.0" encoding="UTF-8"?>
<!DOCTYPE html PUBLIC "-//W3C//DTD XHTML 1.0 Transitional//EN"
    "http://www.w3.org/TR/xhtml1/DTD/xhtml1-transitional.dtd">
<html xmlns="http://www.w3.org/1999/xhtml" xml:lang="en" lang="en">
 <head>
  <title>
</title>
<meta http-equiv="Content-Type" content="text/html;charset=utf-8" />
  <meta name='ocr-system' content='tesseract 3.04.00' />
  <meta name='ocr-capabilities' content='ocr_page ocr_carea ocr_par ocr_line ocrx_word'/>
</head>
<body>
  <div class='ocr_page' id='page_1' title='image "./theophrastichar00maxigoog_0613.png"; bbox 0 0 3650 5798; ppageno 0'>
   <div class='ocr_carea' id='block_1_1' title="bbox 190 363 1219 434">
    <p class='ocr_par' dir='ltr' id='par_1_1' title="bbox 190 363 1219 434">
     <span class='ocr_line' id='line_1_1' title="bbox 190 363 1219 434; baseline -0.005 0"><span class='ocrx_word' id='word_1_1' title='bbox 190 380 247 434; x_wconf 79' lang='lat' dir='ltr'><strong>tta</strong></span> <span class='ocrx_word' id='word_1_2' title='bbox 738 363 948 428; x_wconf 80' lang='lat' dir='ltr'><strong>soPfloths</strong></span> <span class='ocrx_word' id='word_1_3' title='bbox 970 365 1219 430; x_wconf 80' lang='lat' dir='ltr'><strong>FRAGMENTA.</strong></span> 
     </span>
    </p>
   </div>
   <div class='ocr_carea' id='block_1_2' title="bbox 185 492 1785 4199">
    <p class='ocr_par' dir='ltr' id='par_1_2' title="bbox 185 492 1785 4199">
     <span class='ocr_line' id='line_1_2' title="bbox 188 492 1779 578; baseline -0.001 -21"><span class='ocrx_word' id='word_1_4' title='bbox 188 498 273 578; x_wconf 85' lang='lat' dir='ltr'><strong>jussit</strong></span> <span class='ocrx_word' id='word_1_5' title='bbox 289 510 380 576; x_wconf 88' lang='lat' dir='ltr'><strong>utque</strong></span> <span class='ocrx_word' id='word_1_6' title='bbox 394 495 488 556; x_wconf 81' lang='lat' dir='ltr'><strong>feriati</strong></span> <span class='ocrx_word' id='word_1_7' title='bbox 502 492 622 572; x_wconf 88' lang='lat' dir='ltr'><strong>Trojani</strong></span> <span class='ocrx_word' id='word_1_8' title='bbox 637 513 742 573; x_wconf 88' lang='lat' dir='ltr'><strong>magno</strong></span> <span class='ocrx_word' id='word_1_9' title='bbox 757 515 847 574; x_wconf 91' lang='lat' dir='ltr'><strong>opere</strong></span> <span class='ocrx_word' id='word_1_10' title='bbox 862 507 956 554; x_wconf 86' lang='lat' dir='ltr'><strong>essent</strong></span> <span class='ocrx_word' id='word_1_11' title='bbox 1008 507 1067 572; x_wconf 87' lang='lat' dir='ltr'><strong>set,</strong></span> <span class='ocrx_word' id='word_1_12' title='bbox 1086 496 1190 556; x_wconf 86' lang='lat' dir='ltr'><strong>deinde</strong></span> <span class='ocrx_word' id='word_1_13' title='bbox 1205 497 1283 576; x_wconf 91' lang='lat' dir='ltr'><strong>quod</strong></span> <span class='ocrx_word' id='word_1_14' title='bbox 1299 497 1375 558; x_wconf 88' lang='lat' dir='ltr'><strong>idem</strong></span> <span class='ocrx_word' id='word_1_15' title='bbox 1393 511 1613 578; x_wconf 79' lang='lat' dir='ltr'><strong>argumentum,</strong></span> <span class='ocrx_word' id='word_1_16' title='bbox 1637 511 1674 558; x_wconf 94' lang='lat' dir='ltr'><strong>ut</strong></span> <span class='ocrx_word' id='word_1_17' title='bbox 1686 498 1738 570; x_wconf 79' lang='lat' dir='ltr'><strong>ait,</strong></span> <span class='ocrx_word' id='word_1_18' title='bbox 1750 497 1779 556; x_wconf 78' lang='lat' dir='ltr'><strong>ah</strong></span> 
     </span>
     <span class='ocr_line' id='line_1_3' title="bbox 190 582 1781 665; baseline -0.003 -19"><span class='ocrx_word' id='word_1_19' title='bbox 190 587 289 646; x_wconf 82' lang='lat' dir='ltr'>edixit.</span> <span class='ocrx_word' id='word_1_20' title='bbox 310 588 407 657; x_wconf 88' lang='lat' dir='ltr'><strong>Quare</strong></span> <span class='ocrx_word' id='word_1_21' title='bbox 423 597 502 643; x_wconf 86' lang='lat' dir='ltr'><strong>vates</strong></span> <span class='ocrx_word' id='word_1_22' title='bbox 521 582 680 644; x_wconf 84' lang='lat' dir='ltr'><strong>Cassandra</strong></span> <span class='ocrx_word' id='word_1_23' title='bbox 704 602 793 661; x_wconf 90' lang='lat' dir='ltr'><strong>quum</strong></span> <span class='ocrx_word' id='word_1_24' title='bbox 813 585 957 642; x_wconf 80' lang='lat' dir='ltr'><strong>vocifero·</strong></span> <span class='ocrx_word' id='word_1_25' title='bbox 1006 585 1126 644; x_wconf 76' lang='lat' dir='ltr'>Alexide</span> <span class='ocrx_word' id='word_1_26' title='bbox 1154 597 1306 644; x_wconf 90' lang='lat' dir='ltr'><strong>tractatum</strong></span> <span class='ocrx_word' id='word_1_27' title='bbox 1337 587 1393 661; x_wconf 88' lang='lat' dir='ltr'><strong>sit,</strong></span> <span class='ocrx_word' id='word_1_28' title='bbox 1422 600 1573 665; x_wconf 88' lang='lat' dir='ltr'><strong>postremo</strong></span> <span class='ocrx_word' id='word_1_29' title='bbox 1609 584 1781 665; x_wconf 80' lang='lat' dir='ltr'>Deiphobus</span> 
     </span>
     <span class='ocr_line' id='line_1_4' title="bbox 191 661 1781 753; baseline -0.001 -19"><span class='ocrx_word' id='word_1_30' title='bbox 191 688 271 734; x_wconf 88' lang='lat' dir='ltr'><strong>retur</strong></span> <span class='ocrx_word' id='word_1_31' title='bbox 285 673 382 732; x_wconf 89' lang='lat' dir='ltr'><strong>hostes</strong></span> <span class='ocrx_word' id='word_1_32' title='bbox 397 673 428 731; x_wconf 90' lang='lat' dir='ltr'><strong>in</strong></span> <span class='ocrx_word' id='word_1_33' title='bbox 444 692 519 750; x_wconf 87' lang='lat' dir='ltr'><strong>equo</strong></span> <span class='ocrx_word' id='word_1_34' title='bbox 534 672 640 740; x_wconf 86' lang='lat' dir='ltr'><strong>inesse,</strong></span> <span class='ocrx_word' id='word_1_35' title='bbox 658 669 728 728; x_wconf 85' lang='lat' dir='ltr'><strong>fides</strong></span> <span class='ocrx_word' id='word_1_36' title='bbox 740 671 767 728; x_wconf 91' lang='lat' dir='ltr'><strong>ei</strong></span> <span class='ocrx_word' id='word_1_37' title='bbox 781 671 882 730; x_wconf 85' lang='lat' dir='ltr'><strong>habita</strong></span> <span class='ocrx_word' id='word_1_38' title='bbox 897 691 957 728; x_wconf 91' lang='lat' dir='ltr'><strong>nun</strong></span> <span class='ocrx_word' id='word_1_39' title='bbox 989 661 1078 732; x_wconf 69' lang='lat' dir='ltr'><strong>‘attii</strong></span> <span class='ocrx_word' id='word_1_40' title='bbox 1093 692 1151 731; x_wconf 92' lang='lat' dir='ltr'><strong>non</strong></span> <span class='ocrx_word' id='word_1_41' title='bbox 1164 673 1220 732; x_wconf 87' lang='lat' dir='ltr'><strong>alia</strong></span> <span class='ocrx_word' id='word_1_42' title='bbox 1235 674 1374 753; x_wconf 84' lang='lat' dir='ltr'><strong>tragoedia</strong></span> <span class='ocrx_word' id='word_1_43' title='bbox 1386 693 1449 734; x_wconf 79' lang='lat' dir='ltr'><strong>esse</strong></span> <span class='ocrx_word' id='word_1_44' title='bbox 1470 675 1616 735; x_wconf 84' lang='lat' dir='ltr'><strong>videatur</strong></span> <span class='ocrx_word' id='word_1_45' title='bbox 1633 675 1695 732; x_wconf 90' lang='lat' dir='ltr'><strong>nisi</strong></span> <span class='ocrx_word' id='word_1_46' title='bbox 1708 671 1781 732; x_wconf 74' lang='lat' dir='ltr'><strong>‘De&#39;-</strong></span> 
     </span>
     <span class='ocr_line' id='line_1_5' title="bbox 191 758 1780 843; baseline -0.003 -21"><span class='ocrx_word' id='word_1_47' title='bbox 191 775 243 822; x_wconf 89' lang='lat' dir='ltr'><strong>est.</strong></span> <span class='ocrx_word' id='word_1_48' title='bbox 264 766 358 835; x_wconf 86' lang='lat' dir='ltr'>Quem</span> <span class='ocrx_word' id='word_1_49' title='bbox 372 761 402 820; x_wconf 92' lang='lat' dir='ltr'><strong>in</strong></span> <span class='ocrx_word' id='word_1_50' title='bbox 416 781 482 820; x_wconf 89' lang='lat' dir='ltr'><strong>aree</strong></span> <span class='ocrx_word' id='word_1_51' title='bbox 499 778 588 838; x_wconf 87' lang='lat' dir='ltr'><strong>quum</strong></span> <span class='ocrx_word' id='word_1_52' title='bbox 603 759 771 818; x_wconf 73' lang='lat' dir='ltr'><strong>statuissent</strong></span> <span class='ocrx_word' id='word_1_53' title='bbox 784 771 812 818; x_wconf 89' lang='lat' dir='ltr'><strong>et</strong></span> <span class='ocrx_word' id='word_1_54' title='bbox 827 760 883 838; x_wconf 91' lang='lat' dir='ltr'><strong>ipsi</strong></span> <span class='ocrx_word' id='word_1_55' title='bbox 899 779 957 816; x_wconf 93' lang='lat' dir='ltr'><strong>uo·</strong></span> <span class='ocrx_word' id='word_1_56' title='bbox 1006 783 1052 831; x_wconf 88' lang='grc' dir='ltr'><strong>νης</strong></span> <span class='ocrx_word' id='word_1_57' title='bbox 1066 758 1183 842; x_wconf 68' lang='grc' dir='ltr'>ἁρπαγή.</span> <span class='ocrx_word' id='word_1_58' title='bbox 1199 766 1238 819; x_wconf 91' lang='lat' dir='ltr'><strong>At</strong></span> <span class='ocrx_word' id='word_1_59' title='bbox 1251 761 1275 820; x_wconf 89' lang='lat' dir='ltr'><strong>si</strong></span> <span class='ocrx_word' id='word_1_60' title='bbox 1290 764 1406 843; x_wconf 79' lang='lat' dir='ltr'><strong>Nuptiae</strong></span> <span class='ocrx_word' id='word_1_61' title='bbox 1428 765 1559 834; x_wconf 80' lang='lat' dir='ltr'><strong>Helenae,</strong></span> <span class='ocrx_word' id='word_1_62' title='bbox 1583 782 1658 840; x_wconf 81' lang='lat' dir='ltr'><strong>quae</strong></span> <span class='ocrx_word' id='word_1_63' title='bbox 1682 761 1780 818; x_wconf 82' lang='lat' dir='ltr'><strong>luerint</strong></span> 
     </span>
     <span class='ocr_line' id='line_1_6' title="bbox 191 843 1781 930; baseline -0.003 -18"><span class='ocrx_word' id='word_1_64' title='bbox 191 865 240 912; x_wconf 90' lang='lat' dir='ltr'><strong>ctu</strong></span> <span class='ocrx_word' id='word_1_65' title='bbox 253 851 317 909; x_wconf 89' lang='lat' dir='ltr'><strong>lusu</strong></span> <span class='ocrx_word' id='word_1_66' title='bbox 328 863 415 926; x_wconf 87' lang='lat' dir='ltr'><strong>atque</strong></span> <span class='ocrx_word' id='word_1_67' title='bbox 426 850 494 908; x_wconf 91' lang='lat' dir='ltr'><strong>vino</strong></span> <span class='ocrx_word' id='word_1_68' title='bbox 510 849 575 908; x_wconf 88' lang='lat' dir='ltr'><strong>lassi</strong></span> <span class='ocrx_word' id='word_1_69' title='bbox 586 847 840 918; x_wconf 87' lang='lat' dir='ltr'><strong>obdormivissent,</strong></span> <span class='ocrx_word' id='word_1_70' title='bbox 855 846 956 908; x_wconf 86' lang='lat' dir='ltr'><strong>Achivi</strong></span> <span class='ocrx_word' id='word_1_71' title='bbox 1005 853 1131 926; x_wconf 76' lang='lat' dir='ltr'><strong>Spartae,</strong></span> <span class='ocrx_word' id='word_1_72' title='bbox 1146 849 1269 929; x_wconf 77' lang='lat' dir='ltr'><strong>intelligi</strong></span> <span class='ocrx_word' id='word_1_73' title='bbox 1289 871 1347 909; x_wconf 89' lang='lat' dir='ltr'><strong>non</strong></span> <span class='ocrx_word' id='word_1_74' title='bbox 1367 843 1502 930; x_wconf 86' lang='lat' dir='ltr'><strong>possunt,</strong></span> <span class='ocrx_word' id='word_1_75' title='bbox 1521 864 1627 909; x_wconf 88' lang='lat' dir='ltr'><strong>tamen</strong></span> <span class='ocrx_word' id='word_1_76' title='bbox 1644 851 1710 907; x_wconf 73' lang='lat' dir='ltr'><strong>alie</strong></span> <span class='ocrx_word' id='word_1_77' title='bbox 1724 867 1781 908; x_wconf 71' lang='lat' dir='ltr'><strong>nm:</strong></span> 
     </span>
     <span class='ocr_line' id='line_1_7' title="bbox 192 937 1782 1018; baseline -0.003 -20"><span class='ocrx_word' id='word_1_78' title='bbox 192 960 229 998; x_wconf 81' lang='lat' dir='ltr'><strong>ex</strong></span> <span class='ocrx_word' id='word_1_79' title='bbox 248 958 324 1016; x_wconf 88' lang='lat' dir='ltr'><strong>equo</strong></span> <span class='ocrx_word' id='word_1_80' title='bbox 348 950 448 1018; x_wconf 91' lang='lat' dir='ltr'><strong>aperto</strong></span> <span class='ocrx_word' id='word_1_81' title='bbox 469 957 486 996; x_wconf 91' lang='lat' dir='ltr'><strong>a</strong></span> <span class='ocrx_word' id='word_1_82' title='bbox 508 937 615 995; x_wconf 83' lang='lat' dir='ltr'><strong>Sinone</strong></span> <span class='ocrx_word' id='word_1_83' title='bbox 641 940 786 1010; x_wconf 76' lang='lat' dir='ltr'><strong>exierunt,</strong></span> <span class='ocrx_word' id='word_1_84' title='bbox 808 947 956 1014; x_wconf 87' lang='lat' dir='ltr'><strong>portatum</strong></span> <span class='ocrx_word' id='word_1_85' title='bbox 1006 937 1158 997; x_wconf 78' lang='lat' dir='ltr'><strong>celebrata</strong></span> <span class='ocrx_word' id='word_1_86' title='bbox 1180 939 1275 1017; x_wconf 81' lang='lat' dir='ltr'><strong>Trojae</strong></span> <span class='ocrx_word' id='word_1_87' title='bbox 1299 959 1365 999; x_wconf 89' lang='lat' dir='ltr'><strong>cum</strong></span> <span class='ocrx_word' id='word_1_88' title='bbox 1388 938 1493 1000; x_wconf 90' lang='lat' dir='ltr'><strong>Paride</strong></span> <span class='ocrx_word' id='word_1_89' title='bbox 1521 951 1552 997; x_wconf 87' lang='lat' dir='ltr'><strong>et</strong></span> <span class='ocrx_word' id='word_1_90' title='bbox 1583 950 1696 1016; x_wconf 83' lang='lat' dir='ltr'><strong>postea</strong></span> <span class='ocrx_word' id='word_1_91' title='bbox 1724 959 1782 995; x_wconf 85' lang='lat' dir='ltr'><strong>euu</strong></span> 
     </span>
     <span class='ocr_line' id='line_1_8' title="bbox 191 1023 1781 1105; baseline -0.002 -19"><span class='ocrx_word' id='word_1_92' title='bbox 191 1026 326 1086; x_wconf 83' lang='lat' dir='ltr'><strong>custodes</strong></span> <span class='ocrx_word' id='word_1_93' title='bbox 351 1026 522 1085; x_wconf 90' lang='lat' dir='ltr'><strong>occiderunt</strong></span> <span class='ocrx_word' id='word_1_94' title='bbox 540 1026 685 1104; x_wconf 85' lang='lat' dir='ltr'><strong>sociisque</strong></span> <span class='ocrx_word' id='word_1_95' title='bbox 698 1025 782 1104; x_wconf 90' lang='lat' dir='ltr'><strong>signo</strong></span> <span class='ocrx_word' id='word_1_96' title='bbox 796 1023 865 1082; x_wconf 83' lang='lat' dir='ltr'><strong>dato</strong></span> <span class='ocrx_word' id='word_1_97' title='bbox 881 1042 959 1082; x_wconf 90' lang='lat' dir='ltr'><strong>rece-</strong></span> <span class='ocrx_word' id='word_1_98' title='bbox 1005 1025 1171 1105; x_wconf 82' lang='lat' dir='ltr'><strong>Deiphobo,</strong></span> <span class='ocrx_word' id='word_1_99' title='bbox 1185 1043 1249 1104; x_wconf 86' lang='lat' dir='ltr'><strong>quae</strong></span> <span class='ocrx_word' id='word_1_100' title='bbox 1265 1045 1318 1094; x_wconf 79' lang='lat' dir='ltr'><strong>eur</strong></span> <span class='ocrx_word' id='word_1_101' title='bbox 1329 1030 1406 1086; x_wconf 91' lang='lat' dir='ltr'><strong>inter</strong></span> <span class='ocrx_word' id='word_1_102' title='bbox 1415 1028 1522 1087; x_wconf 88' lang='lat' dir='ltr'><strong>Troica</strong></span> <span class='ocrx_word' id='word_1_103' title='bbox 1539 1039 1726 1104; x_wconf 71' lang='lat' dir='ltr'><strong>argumenta</strong></span> <span class='ocrx_word' id='word_1_104' title='bbox 1741 1047 1781 1084; x_wconf 77' lang='lat' dir='ltr'><strong>re</strong></span> 
     </span>
     <span class='ocr_line' id='line_1_9' title="bbox 192 1113 1783 1194; baseline -0.001 -22"><span class='ocrx_word' id='word_1_105' title='bbox 192 1117 249 1194; x_wconf 86' lang='lat' dir='ltr'><strong>ptis</strong></span> <span class='ocrx_word' id='word_1_106' title='bbox 263 1113 351 1191; x_wconf 68' lang='lat' dir='ltr'><strong>Troia</strong></span> <span class='ocrx_word' id='word_1_107' title='bbox 365 1126 431 1172; x_wconf 88' lang='lat' dir='ltr'><strong>sunt</strong></span> <span class='ocrx_word' id='word_1_108' title='bbox 444 1113 562 1192; x_wconf 72' lang='lat' dir='ltr'><strong>potiti.»</strong></span> <span class='ocrx_word' id='word_1_109' title='bbox 1007 1115 1075 1173; x_wconf 89' lang='lat' dir='ltr'><strong>lerri</strong></span> <span class='ocrx_word' id='word_1_110' title='bbox 1090 1133 1148 1174; x_wconf 90' lang='lat' dir='ltr'><strong>non</strong></span> <span class='ocrx_word' id='word_1_111' title='bbox 1162 1115 1287 1194; x_wconf 85' lang='lat' dir='ltr'><strong>possint,</strong></span> <span class='ocrx_word' id='word_1_112' title='bbox 1299 1115 1376 1174; x_wconf 88' lang='lat' dir='ltr'><strong>haud</strong></span> <span class='ocrx_word' id='word_1_113' title='bbox 1391 1115 1474 1175; x_wconf 85' lang='lat' dir='ltr'><strong>lacile</strong></span> <span class='ocrx_word' id='word_1_114' title='bbox 1487 1115 1556 1193; x_wconf 88' lang='lat' dir='ltr'><strong>quis</strong></span> <span class='ocrx_word' id='word_1_115' title='bbox 1572 1113 1707 1181; x_wconf 68' lang='lat' dir='ltr'><strong>dixerim</strong></span> <span class='ocrx_word' id='word_1_116' title='bbox 1717 1117 1783 1172; x_wconf 83' lang='lat' dir='ltr'><strong>ordo</strong></span> 
     </span>
     <span class='ocr_line' id='line_1_10' title="bbox 231 1196 1784 1281; baseline -0.001 -20"><span class='ocrx_word' id='word_1_117' title='bbox 231 1207 443 1280; x_wconf 80' lang='lat' dir='ltr'><strong>Argumentum</strong></span> <span class='ocrx_word' id='word_1_118' title='bbox 468 1199 615 1260; x_wconf 90' lang='lat' dir='ltr'><strong>veteribus</strong></span> <span class='ocrx_word' id='word_1_119' title='bbox 649 1198 762 1279; x_wconf 80' lang='lat' dir='ltr'><strong>egregie</strong></span> <span class='ocrx_word' id='word_1_120' title='bbox 792 1211 893 1278; x_wconf 90' lang='lat' dir='ltr'><strong>aptum</strong></span> <span class='ocrx_word' id='word_1_121' title='bbox 921 1196 957 1256; x_wconf 90' lang='lat' dir='ltr'><strong>ad</strong></span> <span class='ocrx_word' id='word_1_122' title='bbox 1007 1223 1076 1262; x_wconf 89' lang='lat' dir='ltr'><strong>vero</strong></span> <span class='ocrx_word' id='word_1_123' title='bbox 1096 1203 1144 1262; x_wconf 91' lang='lat' dir='ltr'><strong>ille</strong></span> <span class='ocrx_word' id='word_1_124' title='bbox 1167 1203 1197 1263; x_wconf 93' lang='lat' dir='ltr'><strong>in</strong></span> <span class='ocrx_word' id='word_1_125' title='bbox 1221 1215 1393 1281; x_wconf 86' lang='lat' dir='ltr'><strong>argumento</strong></span> <span class='ocrx_word' id='word_1_126' title='bbox 1412 1202 1505 1281; x_wconf 84' lang='lat' dir='ltr'><strong>Ajacis</strong></span> <span class='ocrx_word' id='word_1_127' title='bbox 1526 1203 1620 1280; x_wconf 81' lang='lat' dir='ltr'><strong>plane</strong></span> <span class='ocrx_word' id='word_1_128' title='bbox 1643 1203 1734 1262; x_wconf 88' lang='lat' dir='ltr'><strong>nihili</strong></span> <span class='ocrx_word' id='word_1_129' title='bbox 1748 1219 1784 1260; x_wconf 78' lang='lat' dir='ltr'><strong>est</strong></span> 
     </span>
     <span class='ocr_line' id='line_1_11' title="bbox 193 1287 1783 1370; baseline -0.001 -21"><span class='ocrx_word' id='word_1_130' title='bbox 193 1291 346 1370; x_wconf 82' lang='lat' dir='ltr'><strong>tragoedias</strong></span> <span class='ocrx_word' id='word_1_131' title='bbox 375 1289 591 1368; x_wconf 86' lang='lat' dir='ltr'><strong>componendas</strong></span> <span class='ocrx_word' id='word_1_132' title='bbox 617 1290 709 1346; x_wconf 84' lang='lat' dir='ltr'><strong>visum</strong></span> <span class='ocrx_word' id='word_1_133' title='bbox 737 1307 800 1347; x_wconf 85' lang='lat' dir='ltr'><strong>esse</strong></span> <span class='ocrx_word' id='word_1_134' title='bbox 828 1287 958 1359; x_wconf 88' lang='lat' dir='ltr'><strong>ridetur,</strong></span> <span class='ocrx_word' id='word_1_135' title='bbox 1006 1291 1166 1370; x_wconf 86' lang='lat' dir='ltr'><strong>putandus,</strong></span> <span class='ocrx_word' id='word_1_136' title='bbox 1190 1291 1259 1369; x_wconf 90' lang='lat' dir='ltr'><strong>quia</strong></span> <span class='ocrx_word' id='word_1_137' title='bbox 1273 1291 1478 1368; x_wconf 85' lang='lat' dir='ltr'><strong>grammaticus</strong></span> <span class='ocrx_word' id='word_1_138' title='bbox 1493 1291 1662 1368; x_wconf 77' lang='lat' dir='ltr'><strong>tragoedias</strong></span> <span class='ocrx_word' id='word_1_139' title='bbox 1683 1311 1783 1348; x_wconf 88' lang='lat' dir='ltr'><strong>secun-</strong></span> 
     </span>
     <span class='ocr_line' id='line_1_12' title="bbox 192 1375 1784 1456; baseline -0.001 -20"><span class='ocrx_word' id='word_1_140' title='bbox 192 1398 282 1456; x_wconf 90' lang='lat' dir='ltr'><strong>qttum</strong></span> <span class='ocrx_word' id='word_1_141' title='bbox 298 1399 356 1436; x_wconf 89' lang='lat' dir='ltr'><strong>non</strong></span> <span class='ocrx_word' id='word_1_142' title='bbox 380 1379 418 1436; x_wconf 90' lang='lat' dir='ltr'><strong>sit</strong></span> <span class='ocrx_word' id='word_1_143' title='bbox 439 1376 630 1437; x_wconf 87' lang='lat' dir='ltr'><strong>dubitandum</strong></span> <span class='ocrx_word' id='word_1_144' title='bbox 650 1377 721 1455; x_wconf 80' lang='lat' dir='ltr'><strong>tqttitt</strong></span> <span class='ocrx_word' id='word_1_145' title='bbox 740 1375 876 1455; x_wconf 81' lang='lat' dir='ltr'><strong>tragoedia</strong></span> <span class='ocrx_word' id='word_1_146' title='bbox 892 1379 959 1433; x_wconf 81' lang='lat' dir='ltr'><strong>llae-</strong></span> <span class='ocrx_word' id='word_1_147' title='bbox 1008 1378 1076 1437; x_wconf 88' lang='lat' dir='ltr'><strong>dnm</strong></span> <span class='ocrx_word' id='word_1_148' title='bbox 1093 1379 1241 1437; x_wconf 87' lang='lat' dir='ltr'><strong>literarum</strong></span> <span class='ocrx_word' id='word_1_149' title='bbox 1257 1379 1411 1437; x_wconf 87' lang='lat' dir='ltr'><strong>initialium</strong></span> <span class='ocrx_word' id='word_1_150' title='bbox 1429 1377 1562 1438; x_wconf 88' lang='lat' dir='ltr'><strong>ordinem</strong></span> <span class='ocrx_word' id='word_1_151' title='bbox 1582 1379 1784 1444; x_wconf 72' lang='lat' dir='ltr'><strong>enumerarit,</strong></span> 
     </span>
     <span class='ocr_line' id='line_1_13' title="bbox 194 1460 1784 1546; baseline -0.003 -20"><span class='ocrx_word' id='word_1_152' title='bbox 194 1467 242 1535; x_wconf 87' lang='lat' dir='ltr'><strong>vii,</strong></span> <span class='ocrx_word' id='word_1_153' title='bbox 257 1485 321 1544; x_wconf 79' lang='lat' dir='ltr'><strong>quae</strong></span> <span class='ocrx_word' id='word_1_154' title='bbox 337 1467 414 1525; x_wconf 85' lang='lat' dir='ltr'><strong>dicta</strong></span> <span class='ocrx_word' id='word_1_155' title='bbox 436 1479 479 1524; x_wconf 89' lang='lat' dir='ltr'><strong>est</strong></span> <span class='ocrx_word' id='word_1_156' title='bbox 499 1471 598 1544; x_wconf 87' lang='lat' dir='ltr'><strong>Equus</strong></span> <span class='ocrx_word' id='word_1_157' title='bbox 619 1465 776 1542; x_wconf 88' lang='lat' dir='ltr'><strong>Trojanus,</strong></span> <span class='ocrx_word' id='word_1_158' title='bbox 800 1483 859 1521; x_wconf 92' lang='lat' dir='ltr'><strong>non</strong></span> <span class='ocrx_word' id='word_1_159' title='bbox 880 1460 958 1520; x_wconf 83' lang='lat' dir='ltr'><strong>aliud</strong></span> <span class='ocrx_word' id='word_1_160' title='bbox 1008 1467 1119 1546; x_wconf 91' lang='lat' dir='ltr'><strong>reliqua</strong></span> <span class='ocrx_word' id='word_1_161' title='bbox 1142 1487 1214 1526; x_wconf 84' lang='lat' dir='ltr'><strong>reto</strong></span> <span class='ocrx_word' id='word_1_162' title='bbox 1237 1485 1302 1545; x_wconf 83' lang='lat' dir='ltr'><strong>quta</strong></span> <span class='ocrx_word' id='word_1_163' title='bbox 1326 1467 1425 1526; x_wconf 87' lang='lat' dir='ltr'><strong>attulit</strong></span> <span class='ocrx_word' id='word_1_164' title='bbox 1453 1467 1611 1546; x_wconf 83' lang='lat' dir='ltr'><strong>exipsius</strong></span> <span class='ocrx_word' id='word_1_165' title='bbox 1639 1468 1784 1524; x_wconf 81' lang='lat' dir='ltr'><strong>Welrken&#39;</strong></span> 
     </span>
     <span class='ocr_line' id='line_1_14' title="bbox 192 1551 1784 1634; baseline -0.001 -22"><span class='ocrx_word' id='word_1_166' title='bbox 192 1567 392 1633; x_wconf 83' lang='lat' dir='ltr'><strong>argumentum</strong></span> <span class='ocrx_word' id='word_1_167' title='bbox 415 1553 559 1613; x_wconf 88' lang='lat' dir='ltr'><strong>hahuerit.</strong></span> <span class='ocrx_word' id='word_1_168' title='bbox 575 1553 736 1632; x_wconf 89' lang='lat' dir='ltr'><strong>Quinquies</strong></span> <span class='ocrx_word' id='word_1_169' title='bbox 753 1551 790 1611; x_wconf 92' lang='lat' dir='ltr'><strong>ab</strong></span> <span class='ocrx_word' id='word_1_170' title='bbox 814 1551 959 1628; x_wconf 87' lang='lat' dir='ltr'><strong>Hesychio</strong></span> <span class='ocrx_word' id='word_1_171' title='bbox 1007 1555 1172 1633; x_wconf 89' lang='lat' dir='ltr'><strong>conjectura</strong></span> <span class='ocrx_word' id='word_1_172' title='bbox 1201 1554 1329 1634; x_wconf 90' lang='lat' dir='ltr'><strong>pendent</strong></span> <span class='ocrx_word' id='word_1_173' title='bbox 1359 1567 1388 1614; x_wconf 88' lang='lat' dir='ltr'><strong>et</strong></span> <span class='ocrx_word' id='word_1_174' title='bbox 1419 1555 1456 1615; x_wconf 91' lang='lat' dir='ltr'><strong>ad</strong></span> <span class='ocrx_word' id='word_1_175' title='bbox 1485 1555 1736 1615; x_wconf 89' lang='lat' dir='ltr'><strong>concludendum</strong></span> <span class='ocrx_word' id='word_1_176' title='bbox 1759 1555 1784 1612; x_wconf 86' lang='lat' dir='ltr'><strong>irl</strong></span> 
     </span>
     <span class='ocr_line' id='line_1_15' title="bbox 185 1635 1783 1721; baseline -0.001 -19"><span class='ocrx_word' id='word_1_177' title='bbox 185 1635 331 1720; x_wconf 76' lang='lat' dir='ltr'><strong>&#39;tragoedia</strong></span> <span class='ocrx_word' id='word_1_178' title='bbox 358 1643 510 1721; x_wconf 78' lang='lat' dir='ltr'><strong>Sophoclis</strong></span> <span class='ocrx_word' id='word_1_179' title='bbox 536 1643 657 1716; x_wconf 88' lang='lat' dir='ltr'><strong>citatur,</strong></span> <span class='ocrx_word' id='word_1_180' title='bbox 681 1654 776 1700; x_wconf 89' lang='lat' dir='ltr'><strong>tamen</strong></span> <span class='ocrx_word' id='word_1_181' title='bbox 801 1641 959 1717; x_wconf 83' lang='lat' dir='ltr'><strong>fragmenta</strong></span> <span class='ocrx_word' id='word_1_182' title='bbox 1007 1643 1087 1721; x_wconf 91' lang='lat' dir='ltr'><strong>qnod</strong></span> <span class='ocrx_word' id='word_1_183' title='bbox 1102 1643 1197 1702; x_wconf 91' lang='lat' dir='ltr'><strong>voluit</strong></span> <span class='ocrx_word' id='word_1_184' title='bbox 1224 1643 1294 1702; x_wconf 90' lang='lat' dir='ltr'><strong>nihil</strong></span> <span class='ocrx_word' id='word_1_185' title='bbox 1309 1643 1428 1702; x_wconf 86' lang='lat' dir='ltr'><strong>faciunt.</strong></span> <span class='ocrx_word' id='word_1_186' title='bbox 1447 1647 1521 1714; x_wconf 79' lang='lat' dir='ltr'><strong>Quis</strong></span> <span class='ocrx_word' id='word_1_187' title='bbox 1547 1655 1657 1702; x_wconf 88' lang='lat' dir='ltr'><strong>autem</strong></span> <span class='ocrx_word' id='word_1_188' title='bbox 1681 1644 1783 1720; x_wconf 86' lang='lat' dir='ltr'><strong>repeti·</strong></span> 
     </span>
     <span class='ocr_line' id='line_1_16' title="bbox 192 1726 1782 1809; baseline -0.003 -20"><span class='ocrx_word' id='word_1_189' title='bbox 192 1743 260 1789; x_wconf 85' lang='lat' dir='ltr'><strong>sunt</strong></span> <span class='ocrx_word' id='word_1_190' title='bbox 273 1729 418 1803; x_wconf 87' lang='lat' dir='ltr'><strong>breviora,</strong></span> <span class='ocrx_word' id='word_1_191' title='bbox 433 1751 518 1809; x_wconf 88' lang='lat' dir='ltr'><strong>quarn</strong></span> <span class='ocrx_word' id='word_1_192' title='bbox 531 1743 565 1788; x_wconf 91' lang='lat' dir='ltr'><strong>ut</strong></span> <span class='ocrx_word' id='word_1_193' title='bbox 580 1729 739 1808; x_wconf 84' lang='lat' dir='ltr'><strong>quidquam</strong></span> <span class='ocrx_word' id='word_1_194' title='bbox 753 1747 790 1786; x_wconf 83' lang='lat' dir='ltr'><strong>cx</strong></span> <span class='ocrx_word' id='word_1_195' title='bbox 802 1727 838 1784; x_wconf 88' lang='lat' dir='ltr'><strong>iis</strong></span> <span class='ocrx_word' id='word_1_196' title='bbox 854 1726 890 1784; x_wconf 94' lang='lat' dir='ltr'><strong>de</strong></span> <span class='ocrx_word' id='word_1_197' title='bbox 905 1727 960 1785; x_wconf 92' lang='lat' dir='ltr'><strong>cal·</strong></span> <span class='ocrx_word' id='word_1_198' title='bbox 1008 1733 1116 1792; x_wconf 82' lang='lat' dir='ltr'><strong>tionem</strong></span> <span class='ocrx_word' id='word_1_199' title='bbox 1132 1731 1248 1790; x_wconf 75' lang='lat' dir='ltr'><strong>Helenae</strong></span> <span class='ocrx_word' id='word_1_200' title='bbox 1266 1746 1375 1808; x_wconf 81' lang='lat' dir='ltr'><strong>mptum</strong></span> <span class='ocrx_word' id='word_1_201' title='bbox 1398 1732 1494 1790; x_wconf 80' lang='lat' dir='ltr'><strong>dicat?</strong></span> <span class='ocrx_word' id='word_1_202' title='bbox 1510 1737 1547 1792; x_wconf 81' lang='lat' dir='ltr'><strong>Et</strong></span> <span class='ocrx_word' id='word_1_203' title='bbox 1563 1732 1591 1790; x_wconf 85' lang='lat' dir='ltr'><strong>si</strong></span> <span class='ocrx_word' id='word_1_204' title='bbox 1608 1751 1652 1790; x_wconf 86' lang='lat' dir='ltr'><strong>ex</strong></span> <span class='ocrx_word' id='word_1_205' title='bbox 1667 1733 1782 1790; x_wconf 77' lang='lat' dir='ltr'><strong>Arctior</strong></span> 
     </span>
     <span class='ocr_line' id='line_1_17' title="bbox 193 1815 1776 1899; baseline -0.001 -21"><span class='ocrx_word' id='word_1_206' title='bbox 193 1818 306 1878; x_wconf 89' lang='lat' dir='ltr'><strong>liditate</strong></span> <span class='ocrx_word' id='word_1_207' title='bbox 326 1819 442 1878; x_wconf 91' lang='lat' dir='ltr'><strong>Sinonis</strong></span> <span class='ocrx_word' id='word_1_208' title='bbox 457 1819 552 1897; x_wconf 90' lang='lat' dir='ltr'><strong>deque</strong></span> <span class='ocrx_word' id='word_1_209' title='bbox 568 1819 633 1877; x_wconf 90' lang='lat' dir='ltr'><strong>aliis</strong></span> <span class='ocrx_word' id='word_1_210' title='bbox 649 1818 781 1896; x_wconf 88' lang='lat' dir='ltr'><strong>personis</strong></span> <span class='ocrx_word' id='word_1_211' title='bbox 799 1815 958 1892; x_wconf 86' lang='lat' dir='ltr'><strong>harumque</strong></span> <span class='ocrx_word' id='word_1_212' title='bbox 1007 1833 1121 1899; x_wconf 88' lang='lat' dir='ltr'><strong>sumpta</strong></span> <span class='ocrx_word' id='word_1_213' title='bbox 1146 1833 1227 1892; x_wconf 85' lang='lat' dir='ltr'><strong>sttnt,</strong></span> <span class='ocrx_word' id='word_1_214' title='bbox 1244 1840 1310 1899; x_wconf 89' lang='lat' dir='ltr'><strong>quae</strong></span> <span class='ocrx_word' id='word_1_215' title='bbox 1329 1820 1447 1879; x_wconf 88' lang='lat' dir='ltr'><strong>Proclus</strong></span> <span class='ocrx_word' id='word_1_216' title='bbox 1470 1819 1557 1878; x_wconf 88' lang='lat' dir='ltr'><strong>hahet</strong></span> <span class='ocrx_word' id='word_1_217' title='bbox 1571 1841 1580 1876; x_wconf 77' lang='lat' dir='ltr'>z</span> <span class='ocrx_word' id='word_1_218' title='bbox 1596 1819 1776 1883; x_wconf 70' lang='grc' dir='ltr'><strong>Μενέοιοςόὲ</strong></span> 
     </span>
     <span class='ocr_line' id='line_1_18' title="bbox 195 1904 1780 1991; baseline 0.001 -28"><span class='ocrx_word' id='word_1_219' title='bbox 195 1905 325 1964; x_wconf 89' lang='lat' dir='ltr'><strong>moribus</strong></span> <span class='ocrx_word' id='word_1_220' title='bbox 342 1907 447 1985; x_wconf 89' lang='lat' dir='ltr'><strong>conjici</strong></span> <span class='ocrx_word' id='word_1_221' title='bbox 462 1907 561 1984; x_wconf 84' lang='lat' dir='ltr'><strong>possit.</strong></span> <span class='ocrx_word' id='word_1_222' title='bbox 1008 1905 1122 1991; x_wconf 77' lang='grc' dir='ltr'>ἀνευρὼν</span> <span class='ocrx_word' id='word_1_223' title='bbox 1148 1904 1259 1980; x_wconf 70' lang='grc' dir='ltr'>Ἑλίνην</span> <span class='ocrx_word' id='word_1_224' title='bbox 1285 1907 1329 1967; x_wconf 72' lang='grc' dir='ltr'><strong>ἐπὶ</strong></span> <span class='ocrx_word' id='word_1_225' title='bbox 1355 1905 1401 1974; x_wconf 71' lang='grc' dir='ltr'><strong>τὰς</strong></span> <span class='ocrx_word' id='word_1_226' title='bbox 1422 1913 1484 1974; x_wconf 82' lang='grc' dir='ltr'>νοῦς</span> <span class='ocrx_word' id='word_1_227' title='bbox 1507 1905 1625 1984; x_wconf 76' lang='grc' dir='ltr'>κατάγει</span> <span class='ocrx_word' id='word_1_228' title='bbox 1652 1905 1780 1987; x_wconf 56' lang='lat' dir='ltr'><strong>Arri-pain</strong></span> 
     </span>
     <span class='ocr_line' id='line_1_19' title="bbox 233 1991 1780 2075; baseline -0.004 -21"><span class='ocrx_word' id='word_1_229' title='bbox 233 1996 405 2072; x_wconf 82' lang='lat' dir='ltr'><strong>Hesychius,</strong></span> <span class='ocrx_word' id='word_1_230' title='bbox 418 1996 502 2074; x_wconf 79' lang='grc'><strong>[139]</strong></span> <span class='ocrx_word' id='word_1_231' title='bbox 516 2021 529 2048; x_wconf 73' lang='grc' dir='ltr'><strong>α</strong></span> <span class='ocrx_word' id='word_1_232' title='bbox 542 1993 706 2068; x_wconf 76' lang='grc' dir='ltr'><strong>αἷθῦσσειν,11</strong></span> <span class='ocrx_word' id='word_1_233' title='bbox 720 1991 960 2054; x_wconf 56' lang='lat' dir='ltr'><strong>translucidum</strong></span> <span class='ocrx_word' id='word_1_234' title='bbox 1008 2001 1146 2075; x_wconf 65' lang='grc' dir='ltr'>φονεύσας,</span> <span class='ocrx_word' id='word_1_235' title='bbox 1160 1997 1218 2055; x_wconf 86' lang='lat' dir='ltr'><strong>hoc</strong></span> <span class='ocrx_word' id='word_1_236' title='bbox 1234 2011 1327 2056; x_wconf 78' lang='lat' dir='ltr'><strong>tamen</strong></span> <span class='ocrx_word' id='word_1_237' title='bbox 1349 1997 1433 2056; x_wconf 77' lang='lat' dir='ltr'><strong>valde</strong></span> <span class='ocrx_word' id='word_1_238' title='bbox 1453 1997 1605 2054; x_wconf 81' lang='lat' dir='ltr'><strong>diversum</strong></span> <span class='ocrx_word' id='word_1_239' title='bbox 1627 2008 1678 2054; x_wconf 86' lang='lat' dir='ltr'><strong>est</strong></span> <span class='ocrx_word' id='word_1_240' title='bbox 1692 1995 1780 2071; x_wconf 70' lang='lat' dir='ltr'><strong>aben,</strong></span> 
     </span>
     <span class='ocr_line' id='line_1_20' title="bbox 194 2077 1781 2166; baseline -0.006 -16"><span class='ocrx_word' id='word_1_241' title='bbox 194 2085 340 2164; x_wconf 67' lang='grc' dir='ltr'>Σοφοκλῆς·</span> <span class='ocrx_word' id='word_1_242' title='bbox 362 2084 461 2155; x_wconf 71' lang='lat' dir='ltr'><strong>Idem,</strong></span> <span class='ocrx_word' id='word_1_243' title='bbox 481 2080 687 2156; x_wconf 65' lang='grc' dir='ltr'><strong>«ἅναῑθῦσσωμ</strong></span> <span class='ocrx_word' id='word_1_244' title='bbox 711 2079 834 2141; x_wconf 63' lang='grc' dir='ltr'>ἀνασείω·</span> <span class='ocrx_word' id='word_1_245' title='bbox 864 2081 896 2140; x_wconf 78' lang='grc' dir='ltr'><strong>Σ·</strong></span> <span class='ocrx_word' id='word_1_246' title='bbox 911 2077 960 2139; x_wconf 62' lang='lat' dir='ltr'><strong>Ei·</strong></span> <span class='ocrx_word' id='word_1_247' title='bbox 1008 2085 1088 2162; x_wconf 88' lang='lat' dir='ltr'><strong>quod</strong></span> <span class='ocrx_word' id='word_1_248' title='bbox 1107 2085 1220 2144; x_wconf 81' lang='lat' dir='ltr'><strong>dicatur</strong></span> <span class='ocrx_word' id='word_1_249' title='bbox 1237 2083 1280 2144; x_wconf 77' lang='lat' dir='ltr'><strong>erl</strong></span> <span class='ocrx_word' id='word_1_250' title='bbox 1297 2081 1344 2151; x_wconf 73' lang='lat' dir='ltr'><strong>che</strong></span> <span class='ocrx_word' id='word_1_251' title='bbox 1356 2087 1419 2153; x_wconf 76' lang='grc' dir='ltr'>νοῦς</span> <span class='ocrx_word' id='word_1_252' title='bbox 1432 2083 1551 2166; x_wconf 74' lang='grc' dir='ltr'>ἇρπᾶζει.</span> <span class='ocrx_word' id='word_1_253' title='bbox 1569 2090 1609 2143; x_wconf 87' lang='lat' dir='ltr'><strong>Et</strong></span> <span class='ocrx_word' id='word_1_254' title='bbox 1627 2085 1781 2162; x_wconf 81' lang='lat' dir='ltr'><strong>Euripides</strong></span> 
     </span>
     <span class='ocr_line' id='line_1_21' title="bbox 196 2163 1781 2251; baseline 0 -21"><span class='ocrx_word' id='word_1_255' title='bbox 196 2193 266 2230; x_wconf 71' lang='lat' dir='ltr'><strong>surr.</strong></span> <span class='ocrx_word' id='word_1_256' title='bbox 284 2173 406 2231; x_wconf 89' lang='lat' dir='ltr'><strong>Videtur</strong></span> <span class='ocrx_word' id='word_1_257' title='bbox 424 2173 512 2230; x_wconf 88' lang='lat' dir='ltr'><strong>Sinon</strong></span> <span class='ocrx_word' id='word_1_258' title='bbox 527 2190 691 2250; x_wconf 79' lang='lat' dir='ltr'><strong>exponere,</strong></span> <span class='ocrx_word' id='word_1_259' title='bbox 706 2169 855 2248; x_wconf 90' lang='lat' dir='ltr'><strong>quomodo</strong></span> <span class='ocrx_word' id='word_1_260' title='bbox 870 2168 959 2226; x_wconf 86' lang='lat' dir='ltr'><strong>lacem</strong></span> <span class='ocrx_word' id='word_1_261' title='bbox 1009 2174 1038 2232; x_wconf 82' lang='lat' dir='ltr'><strong>in</strong></span> <span class='ocrx_word' id='word_1_262' title='bbox 1065 2174 1131 2234; x_wconf 80' lang='lat' dir='ltr'><strong>Hel,</strong></span> <span class='ocrx_word' id='word_1_263' title='bbox 1158 2175 1212 2231; x_wconf 80' lang='grc' dir='ltr'><strong>ιι6</strong></span> <span class='ocrx_word' id='word_1_264' title='bbox 1234 2173 1305 2232; x_wconf 90' lang='lat' dir='ltr'><strong>dicit</strong></span> <span class='ocrx_word' id='word_1_265' title='bbox 1324 2173 1455 2240; x_wconf 71' lang='grc' dir='ltr'>Μενθναος</span> <span class='ocrx_word' id='word_1_266' title='bbox 1470 2170 1551 2244; x_wconf 76' lang='grc' dir='ltr'>αὐτὴν</span> <span class='ocrx_word' id='word_1_267' title='bbox 1565 2163 1614 2251; x_wconf 74' lang='grc' dir='ltr'><strong>ἦγ’</strong></span> <span class='ocrx_word' id='word_1_268' title='bbox 1630 2173 1781 2239; x_wconf 65' lang='grc' dir='ltr'><strong>ἐπιπίοις</strong></span> 
     </span>
     <span class='ocr_line' id='line_1_22' title="bbox 194 2256 1782 2342; baseline -0.001 -23"><span class='ocrx_word' id='word_1_269' title='bbox 194 2260 352 2334; x_wconf 83' lang='lat' dir='ltr'><strong>sustulerit,</strong></span> <span class='ocrx_word' id='word_1_270' title='bbox 367 2274 398 2320; x_wconf 94' lang='lat' dir='ltr'><strong>ut</strong></span> <span class='ocrx_word' id='word_1_271' title='bbox 412 2261 521 2319; x_wconf 76' lang='lat' dir='ltr'><strong>Grecis</strong></span> <span class='ocrx_word' id='word_1_272' title='bbox 533 2261 645 2337; x_wconf 85' lang='lat' dir='ltr'><strong>siguum</strong></span> <span class='ocrx_word' id='word_1_273' title='bbox 659 2259 749 2318; x_wconf 88' lang='lat' dir='ltr'><strong>daret.</strong></span> <span class='ocrx_word' id='word_1_274' title='bbox 760 2256 872 2318; x_wconf 88' lang='lat' dir='ltr'><strong>Deinde</strong></span> <span class='ocrx_word' id='word_1_275' title='bbox 884 2257 960 2315; x_wconf 89' lang='lat' dir='ltr'><strong>idem</strong></span> <span class='ocrx_word' id='word_1_276' title='bbox 1009 2261 1103 2342; x_wconf 78' lang='grc' dir='ltr'>κόμης,</span> <span class='ocrx_word' id='word_1_277' title='bbox 1113 2281 1172 2319; x_wconf 90' lang='lat' dir='ltr'><strong>non</strong></span> <span class='ocrx_word' id='word_1_278' title='bbox 1181 2259 1364 2342; x_wconf 57' lang='lat' dir='ltr'><strong>epirotenlist</strong></span> <span class='ocrx_word' id='word_1_279' title='bbox 1373 2261 1449 2320; x_wconf 87' lang='lat' dir='ltr'><strong>euim</strong></span> <span class='ocrx_word' id='word_1_280' title='bbox 1458 2259 1655 2338; x_wconf 86' lang='lat' dir='ltr'><strong>indignantis,</strong></span> <span class='ocrx_word' id='word_1_281' title='bbox 1668 2262 1721 2338; x_wconf 90' lang='lat' dir='ltr'><strong>qui</strong></span> <span class='ocrx_word' id='word_1_282' title='bbox 1730 2281 1782 2319; x_wconf 90' lang='lat' dir='ltr'><strong>non</strong></span> 
     </span>
     <span class='ocr_line' id='line_1_23' title="bbox 195 2344 1784 2430; baseline -0.001 -22"><span class='ocrx_word' id='word_1_283' title='bbox 195 2348 357 2426; x_wconf 85' lang='lat' dir='ltr'><strong>Hesychius</strong></span> <span class='ocrx_word' id='word_1_284' title='bbox 379 2370 385 2406; x_wconf 90' lang='lat'>:</span> <span class='ocrx_word' id='word_1_285' title='bbox 407 2346 692 2430; x_wconf 67' lang='grc' dir='ltr'><strong>[140]ιοἰξέοτους,ο</strong></span> <span class='ocrx_word' id='word_1_286' title='bbox 715 2346 847 2428; x_wconf 80' lang='grc' dir='ltr'>τραχείας.</span> <span class='ocrx_word' id='word_1_287' title='bbox 862 2347 893 2406; x_wconf 91' lang='grc' dir='ltr'><strong>Σ.</strong></span> <span class='ocrx_word' id='word_1_288' title='bbox 910 2344 960 2406; x_wconf 81' lang='grc' dir='ltr'><strong>Σί-</strong></span> <span class='ocrx_word' id='word_1_289' title='bbox 1010 2351 1087 2429; x_wconf 87' lang='lat' dir='ltr'><strong>rapit</strong></span> <span class='ocrx_word' id='word_1_290' title='bbox 1100 2370 1230 2424; x_wconf 85' lang='lat' dir='ltr'><strong>uxorem,</strong></span> <span class='ocrx_word' id='word_1_291' title='bbox 1250 2350 1300 2410; x_wconf 90' lang='lat' dir='ltr'><strong>sed</strong></span> <span class='ocrx_word' id='word_1_292' title='bbox 1323 2350 1463 2409; x_wconf 88' lang='lat' dir='ltr'><strong>violenter</strong></span> <span class='ocrx_word' id='word_1_293' title='bbox 1484 2349 1616 2408; x_wconf 86' lang='lat' dir='ltr'><strong>abducit.</strong></span> <span class='ocrx_word' id='word_1_294' title='bbox 1641 2349 1784 2428; x_wconf 86' lang='lat' dir='ltr'><strong>Idemque</strong></span> 
     </span>
     <span class='ocr_line' id='line_1_24' title="bbox 197 2435 1783 2516; baseline 0.001 -20"><span class='ocrx_word' id='word_1_295' title='bbox 197 2459 267 2496; x_wconf 79' lang='grc' dir='ltr'>νωνι.</span> <span class='ocrx_word' id='word_1_296' title='bbox 289 2437 437 2516; x_wconf 88' lang='lat' dir='ltr'><strong>Intelligas</strong></span> <span class='ocrx_word' id='word_1_297' title='bbox 461 2457 576 2516; x_wconf 88' lang='lat' dir='ltr'><strong>asperas</strong></span> <span class='ocrx_word' id='word_1_298' title='bbox 602 2437 673 2510; x_wconf 86' lang='lat' dir='ltr'><strong>rias,</strong></span> <span class='ocrx_word' id='word_1_299' title='bbox 690 2435 798 2515; x_wconf 83' lang='lat' dir='ltr'><strong>quibus</strong></span> <span class='ocrx_word' id='word_1_300' title='bbox 822 2435 911 2496; x_wconf 77' lang='lat' dir='ltr'><strong>Greci</strong></span> <span class='ocrx_word' id='word_1_301' title='bbox 930 2435 959 2491; x_wconf 92' lang='lat' dir='ltr'><strong>in</strong></span> <span class='ocrx_word' id='word_1_302' title='bbox 1009 2438 1190 2499; x_wconf 90' lang='lat' dir='ltr'><strong>statuendum</strong></span> <span class='ocrx_word' id='word_1_303' title='bbox 1202 2451 1246 2496; x_wconf 90' lang='lat' dir='ltr'><strong>est</strong></span> <span class='ocrx_word' id='word_1_304' title='bbox 1259 2438 1391 2498; x_wconf 84' lang='lat' dir='ltr'><strong>deversa</strong></span> <span class='ocrx_word' id='word_1_305' title='bbox 1404 2439 1561 2496; x_wconf 81' lang='lat' dir='ltr'><strong>Seuecaein</strong></span> <span class='ocrx_word' id='word_1_306' title='bbox 1572 2437 1694 2497; x_wconf 90' lang='lat' dir='ltr'><strong>Troad.</strong></span> <span class='ocrx_word' id='word_1_307' title='bbox 1709 2439 1783 2514; x_wconf 81' lang='lat'>915:</span> 
     </span>
     <span class='ocr_line' id='line_1_25' title="bbox 195 2524 1748 2604; baseline -0.003 -20"><span class='ocrx_word' id='word_1_308' title='bbox 195 2543 290 2584; x_wconf 90' lang='lat' dir='ltr'><strong>arcem</strong></span> <span class='ocrx_word' id='word_1_309' title='bbox 312 2524 494 2584; x_wconf 88' lang='lat' dir='ltr'><strong>ascenderint</strong></span> <span class='ocrx_word' id='word_1_310' title='bbox 516 2525 561 2583; x_wconf 87' lang='lat' dir='ltr'><strong>vel</strong></span> <span class='ocrx_word' id='word_1_311' title='bbox 586 2544 677 2604; x_wconf 88' lang='lat' dir='ltr'><strong>equus</strong></span> <span class='ocrx_word' id='word_1_312' title='bbox 692 2525 838 2604; x_wconf 88' lang='lat' dir='ltr'><strong>Trojanus</strong></span> <span class='ocrx_word' id='word_1_313' title='bbox 853 2535 960 2582; x_wconf 86' lang='lat' dir='ltr'><strong>tractus</strong></span> <span class='ocrx_word' id='word_1_314' title='bbox 1010 2531 1080 2586; x_wconf 67' lang='lat' dir='ltr'><strong>«Me</strong></span> <span class='ocrx_word' id='word_1_315' title='bbox 1093 2545 1173 2585; x_wconf 87' lang='lat' dir='ltr'><strong>rneus</strong></span> <span class='ocrx_word' id='word_1_316' title='bbox 1184 2527 1271 2586; x_wconf 78' lang='lat' dir='ltr'><strong>traxit</strong></span> <span class='ocrx_word' id='word_1_317' title='bbox 1289 2525 1386 2586; x_wconf 89' lang='lat' dir='ltr'><strong>statim</strong></span> <span class='ocrx_word' id='word_1_318' title='bbox 1399 2527 1460 2584; x_wconf 89' lang='lat' dir='ltr'><strong>sine</strong></span> <span class='ocrx_word' id='word_1_319' title='bbox 1471 2538 1550 2584; x_wconf 90' lang='lat' dir='ltr'><strong>sorte</strong></span> <span class='ocrx_word' id='word_1_320' title='bbox 1563 2524 1722 2584; x_wconf 86' lang='lat' dir='ltr'><strong>dominns.</strong></span> <span class='ocrx_word' id='word_1_321' title='bbox 1736 2553 1748 2577; x_wconf 83' lang='lat'><strong>·</strong></span> 
     </span>
     <span class='ocr_line' id='line_1_26' title="bbox 194 2607 1785 2694; baseline -0.001 -23"><span class='ocrx_word' id='word_1_322' title='bbox 194 2612 241 2672; x_wconf 88' lang='lat' dir='ltr'><strong>sit.</strong></span> <span class='ocrx_word' id='word_1_323' title='bbox 258 2612 392 2690; x_wconf 80' lang='lat' dir='ltr'><strong>Hesych,</strong></span> <span class='ocrx_word' id='word_1_324' title='bbox 407 2610 491 2690; x_wconf 83' lang='grc'><strong>[141]</strong></span> <span class='ocrx_word' id='word_1_325' title='bbox 507 2639 519 2665; x_wconf 76' lang='lat' dir='ltr'><strong>r</strong></span> <span class='ocrx_word' id='word_1_326' title='bbox 535 2611 680 2694; x_wconf 76' lang='grc' dir='ltr'>ἄρρητον,ν</span> <span class='ocrx_word' id='word_1_327' title='bbox 699 2611 841 2693; x_wconf 69' lang='grc' dir='ltr'>ἄφραστον,</span> <span class='ocrx_word' id='word_1_328' title='bbox 857 2607 962 2671; x_wconf 79' lang='grc' dir='ltr'>ἀνιοτό-</span> <span class='ocrx_word' id='word_1_329' title='bbox 1050 2615 1138 2689; x_wconf 88' lang='lat' dir='ltr'><strong>Quod</strong></span> <span class='ocrx_word' id='word_1_330' title='bbox 1164 2615 1189 2674; x_wconf 89' lang='lat' dir='ltr'><strong>si</strong></span> <span class='ocrx_word' id='word_1_331' title='bbox 1211 2627 1305 2674; x_wconf 89' lang='lat' dir='ltr'><strong>tutum</strong></span> <span class='ocrx_word' id='word_1_332' title='bbox 1334 2633 1397 2672; x_wconf 88' lang='lat' dir='ltr'><strong>esse</strong></span> <span class='ocrx_word' id='word_1_333' title='bbox 1424 2633 1482 2672; x_wconf 92' lang='lat' dir='ltr'><strong>non</strong></span> <span class='ocrx_word' id='word_1_334' title='bbox 1513 2614 1668 2672; x_wconf 88' lang='lat' dir='ltr'><strong>credimus</strong></span> <span class='ocrx_word' id='word_1_335' title='bbox 1705 2633 1785 2689; x_wconf 85' lang='lat' dir='ltr'><strong>sequ</strong></span> 
     </span>
     <span class='ocr_line' id='line_1_27' title="bbox 195 2699 1785 2786; baseline -0.002 -26"><span class='ocrx_word' id='word_1_336' title='bbox 195 2725 288 2783; x_wconf 82' lang='grc' dir='ltr'>ρητον,</span> <span class='ocrx_word' id='word_1_337' title='bbox 303 2699 466 2783; x_wconf 77' lang='grc' dir='ltr'>ἀπόρρητον,</span> <span class='ocrx_word' id='word_1_338' title='bbox 490 2701 609 2786; x_wconf 74' lang='grc' dir='ltr'>ἄφωνον,</span> <span class='ocrx_word' id='word_1_339' title='bbox 625 2700 745 2784; x_wconf 80' lang='grc' dir='ltr'>αἰσχρόν.</span> <span class='ocrx_word' id='word_1_340' title='bbox 760 2704 796 2763; x_wconf 86' lang='grc' dir='ltr'><strong>Σ.</strong></span> <span class='ocrx_word' id='word_1_341' title='bbox 812 2701 919 2777; x_wconf 68' lang='lat' dir='ltr'><strong>Eiron,</strong></span> <span class='ocrx_word' id='word_1_342' title='bbox 932 2714 960 2760; x_wconf 91' lang='lat' dir='ltr'><strong>et</strong></span> <span class='ocrx_word' id='word_1_343' title='bbox 1010 2703 1149 2762; x_wconf 84' lang='lat' dir='ltr'><strong>Weleken&#39;</strong></span> <span class='ocrx_word' id='word_1_344' title='bbox 1168 2703 1353 2771; x_wconf 88' lang='lat' dir='ltr'><strong>sententiam,</strong></span> <span class='ocrx_word' id='word_1_345' title='bbox 1373 2700 1450 2759; x_wconf 85' lang='lat' dir='ltr'><strong>aliud</strong></span> <span class='ocrx_word' id='word_1_346' title='bbox 1468 2715 1680 2779; x_wconf 83' lang='lat' dir='ltr'><strong>argtrtnentum</strong></span> <span class='ocrx_word' id='word_1_347' title='bbox 1699 2701 1785 2758; x_wconf 88' lang='lat' dir='ltr'><strong>nohis</strong></span> 
     </span>
     <span class='ocr_line' id='line_1_28' title="bbox 194 2788 1784 2874; baseline -0.004 -22"><span class='ocrx_word' id='word_1_348' title='bbox 194 2790 275 2870; x_wconf 79' lang='lat' dir='ltr'><strong>[tta]</strong></span> <span class='ocrx_word' id='word_1_349' title='bbox 297 2789 482 2874; x_wconf 75' lang='grc' dir='ltr'>ιένθρίακτος,</span> <span class='ocrx_word' id='word_1_350' title='bbox 497 2817 510 2844; x_wconf 79' lang='grc' dir='ltr'>ν</span> <span class='ocrx_word' id='word_1_351' title='bbox 533 2793 672 2852; x_wconf 80' lang='grc' dir='ltr'>ἐνθουσιῶν</span> <span class='ocrx_word' id='word_1_352' title='bbox 695 2791 741 2850; x_wconf 77' lang='lat' dir='ltr'><strong>nod</strong></span> <span class='ocrx_word' id='word_1_353' title='bbox 762 2788 906 2858; x_wconf 79' lang='grc' dir='ltr'>ἐνθέακτος.</span> <span class='ocrx_word' id='word_1_354' title='bbox 926 2792 959 2850; x_wconf 91' lang='grc' dir='ltr'><strong>Σ.</strong></span> <span class='ocrx_word' id='word_1_355' title='bbox 1006 2791 1211 2852; x_wconf 87' lang='lat' dir='ltr'><strong>inveniendum</strong></span> <span class='ocrx_word' id='word_1_356' title='bbox 1232 2804 1292 2862; x_wconf 89' lang='lat' dir='ltr'><strong>est,</strong></span> <span class='ocrx_word' id='word_1_357' title='bbox 1317 2789 1397 2868; x_wconf 89' lang='lat' dir='ltr'><strong>quod</strong></span> <span class='ocrx_word' id='word_1_358' title='bbox 1423 2791 1519 2868; x_wconf 89' lang='lat' dir='ltr'><strong>aptius</strong></span> <span class='ocrx_word' id='word_1_359' title='bbox 1541 2809 1605 2849; x_wconf 86' lang='lat' dir='ltr'><strong>esse</strong></span> <span class='ocrx_word' id='word_1_360' title='bbox 1632 2790 1784 2848; x_wconf 82' lang='lat' dir='ltr'><strong>rideatur.</strong></span> 
     </span>
     <span class='ocr_line' id='line_1_29' title="bbox 196 2877 1783 2960; baseline -0.003 -21"><span class='ocrx_word' id='word_1_361' title='bbox 196 2877 305 2939; x_wconf 82' lang='grc' dir='ltr'>Σίνωνι.</span> <span class='ocrx_word' id='word_1_362' title='bbox 1007 2887 1214 2960; x_wconf 88' lang='lat' dir='ltr'><strong>Argumentum</strong></span> <span class='ocrx_word' id='word_1_363' title='bbox 1227 2880 1322 2958; x_wconf 86' lang='lat' dir='ltr'><strong>Ajacis</strong></span> <span class='ocrx_word' id='word_1_364' title='bbox 1336 2879 1405 2936; x_wconf 86' lang='lat' dir='ltr'><strong>satis</strong></span> <span class='ocrx_word' id='word_1_365' title='bbox 1421 2877 1505 2937; x_wconf 89' lang='lat' dir='ltr'><strong>docet</strong></span> <span class='ocrx_word' id='word_1_366' title='bbox 1522 2891 1552 2938; x_wconf 91' lang='lat' dir='ltr'><strong>et</strong></span> <span class='ocrx_word' id='word_1_367' title='bbox 1572 2898 1622 2937; x_wconf 84' lang='lat' dir='ltr'><strong>res</strong></span> <span class='ocrx_word' id='word_1_368' title='bbox 1636 2879 1783 2959; x_wconf 76' lang='lat' dir='ltr'><strong>ijanas</strong></span> 
     </span>
     <span class='ocr_line' id='line_1_30' title="bbox 523 2967 1781 3048; baseline -0.007 -17"><span class='ocrx_word' id='word_1_369' title='bbox 523 2976 632 2996; x_wconf 59' lang='lat'><strong>*⁴*</strong></span> <span class='ocrx_word' id='word_1_370' title='bbox 1007 2971 1153 3048; x_wconf 87' lang='lat' dir='ltr'><strong>expositas</strong></span> <span class='ocrx_word' id='word_1_371' title='bbox 1165 2989 1226 3027; x_wconf 88' lang='lat' dir='ltr'><strong>esse</strong></span> <span class='ocrx_word' id='word_1_372' title='bbox 1239 2981 1268 3026; x_wconf 92' lang='lat' dir='ltr'><strong>et</strong></span> <span class='ocrx_word' id='word_1_373' title='bbox 1283 2967 1450 3045; x_wconf 70' lang='lat' dir='ltr'><strong>tragediam</strong></span> <span class='ocrx_word' id='word_1_374' title='bbox 1466 2967 1562 3040; x_wconf 87' lang='lat' dir='ltr'><strong>luisse,</strong></span> <span class='ocrx_word' id='word_1_375' title='bbox 1576 2967 1649 3044; x_wconf 87' lang='lat' dir='ltr'><strong>quia</strong></span> <span class='ocrx_word' id='word_1_376' title='bbox 1669 2972 1781 3043; x_wconf 76' lang='lat' dir='ltr'><strong>Raptus</strong></span> 
     </span>
     <span class='ocr_line' id='line_1_31' title="bbox 481 3054 1781 3133; baseline -0.005 -12"><span class='ocrx_word' id='word_1_377' title='bbox 481 3062 667 3125; x_wconf 83' lang='lat' dir='ltr'><strong>PRlAMUS.</strong></span> <span class='ocrx_word' id='word_1_378' title='bbox 1007 3056 1123 3116; x_wconf 75' lang='lat' dir='ltr'><strong>Helenae</strong></span> <span class='ocrx_word' id='word_1_379' title='bbox 1137 3057 1212 3115; x_wconf 90' lang='lat' dir='ltr'><strong>inter</strong></span> <span class='ocrx_word' id='word_1_380' title='bbox 1234 3056 1297 3114; x_wconf 91' lang='lat' dir='ltr'><strong>illas</strong></span> <span class='ocrx_word' id='word_1_381' title='bbox 1316 3054 1481 3133; x_wconf 85' lang='lat' dir='ltr'><strong>tragoedias,</strong></span> <span class='ocrx_word' id='word_1_382' title='bbox 1505 3054 1529 3111; x_wconf 94' lang='lat' dir='ltr'><strong>si</strong></span> <span class='ocrx_word' id='word_1_383' title='bbox 1550 3055 1616 3131; x_wconf 87' lang='lat' dir='ltr'><strong>ipsa</strong></span> <span class='ocrx_word' id='word_1_384' title='bbox 1640 3054 1781 3131; x_wconf 80' lang='lat' dir='ltr'><strong>tragoedia</strong></span> 
     </span>
     <span class='ocr_line' id='line_1_32' title="bbox 1007 3143 1781 3220; baseline -0.006 -16"><span class='ocrx_word' id='word_1_385' title='bbox 1007 3166 1065 3204; x_wconf 91' lang='lat' dir='ltr'><strong>non</strong></span> <span class='ocrx_word' id='word_1_386' title='bbox 1088 3145 1184 3218; x_wconf 87' lang='lat' dir='ltr'><strong>luerit,</strong></span> <span class='ocrx_word' id='word_1_387' title='bbox 1198 3144 1238 3204; x_wconf 90' lang='lat' dir='ltr'><strong>ita</strong></span> <span class='ocrx_word' id='word_1_388' title='bbox 1259 3143 1413 3203; x_wconf 88' lang='lat' dir='ltr'><strong>memorari</strong></span> <span class='ocrx_word' id='word_1_389' title='bbox 1435 3162 1493 3199; x_wconf 90' lang='lat' dir='ltr'><strong>non</strong></span> <span class='ocrx_word' id='word_1_390' title='bbox 1516 3143 1662 3220; x_wconf 89' lang='lat' dir='ltr'><strong>potuerit.</strong></span> <span class='ocrx_word' id='word_1_391' title='bbox 1682 3145 1781 3218; x_wconf 81' lang='lat' dir='ltr'><strong>ltaque</strong></span> 
     </span>
     <span class='ocr_line' id='line_1_33' title="bbox 1006 3229 1781 3312; baseline -0.005 -20"><span class='ocrx_word' id='word_1_392' title='bbox 1006 3254 1055 3294; x_wconf 88' lang='lat' dir='ltr'><strong>eos</strong></span> <span class='ocrx_word' id='word_1_393' title='bbox 1067 3247 1138 3312; x_wconf 88' lang='lat' dir='ltr'><strong>puto</strong></span> <span class='ocrx_word' id='word_1_394' title='bbox 1151 3233 1295 3292; x_wconf 81' lang='lat' dir='ltr'><strong>verissima</strong></span> <span class='ocrx_word' id='word_1_395' title='bbox 1306 3249 1428 3310; x_wconf 87' lang='lat' dir='ltr'><strong>quaeque</strong></span> <span class='ocrx_word' id='word_1_396' title='bbox 1439 3231 1554 3302; x_wconf 85' lang='lat' dir='ltr'><strong>vidisse,</strong></span> <span class='ocrx_word' id='word_1_397' title='bbox 1565 3229 1618 3308; x_wconf 90' lang='lat' dir='ltr'><strong>qui</strong></span> <span class='ocrx_word' id='word_1_398' title='bbox 1634 3231 1781 3308; x_wconf 72' lang='lat' dir='ltr'><strong>tragoedia</strong></span> 
     </span>
     <span class='ocr_line' id='line_1_34' title="bbox 1006 3318 1779 3400; baseline -0.006 -19"><span class='ocrx_word' id='word_1_399' title='bbox 1006 3333 1206 3400; x_wconf 87' lang='lat' dir='ltr'><strong>argumentum</strong></span> <span class='ocrx_word' id='word_1_400' title='bbox 1228 3322 1343 3380; x_wconf 75' lang='lat' dir='ltr'><strong>Helenae</strong></span> <span class='ocrx_word' id='word_1_401' title='bbox 1365 3321 1519 3379; x_wconf 88' lang='lat' dir='ltr'><strong>adrentum</strong></span> <span class='ocrx_word' id='word_1_402' title='bbox 1544 3318 1669 3396; x_wconf 86' lang='lat' dir='ltr'><strong>Trojam</strong></span> <span class='ocrx_word' id='word_1_403' title='bbox 1696 3319 1779 3377; x_wconf 75' lang='lat' dir='ltr'><strong>luisse</strong></span> 
     </span>
     <span class='ocr_line' id='line_1_35' title="bbox 1007 3408 1778 3488; baseline -0.008 -18"><span class='ocrx_word' id='word_1_404' title='bbox 1007 3413 1175 3472; x_wconf 87' lang='lat' dir='ltr'><strong>retulerunt.</strong></span> <span class='ocrx_word' id='word_1_405' title='bbox 1203 3415 1303 3488; x_wconf 90' lang='lat' dir='ltr'><strong>Neque</strong></span> <span class='ocrx_word' id='word_1_406' title='bbox 1326 3429 1371 3468; x_wconf 89' lang='lat' dir='ltr'><strong>res</strong></span> <span class='ocrx_word' id='word_1_407' title='bbox 1395 3421 1457 3467; x_wconf 88' lang='lat' dir='ltr'><strong>erat</strong></span> <span class='ocrx_word' id='word_1_408' title='bbox 1483 3408 1547 3486; x_wconf 90' lang='lat' dir='ltr'><strong>ipsa</strong></span> <span class='ocrx_word' id='word_1_409' title='bbox 1573 3408 1640 3466; x_wconf 85' lang='lat' dir='ltr'><strong>sine</strong></span> <span class='ocrx_word' id='word_1_410' title='bbox 1668 3427 1778 3466; x_wconf 88' lang='lat' dir='ltr'><strong>summa</strong></span> 
     </span>
     <span class='ocr_line' id='line_1_36' title="bbox 525 3493 1777 3579; baseline -0.005 -21"><span class='ocrx_word' id='word_1_411' title='bbox 525 3541 631 3558; x_wconf 82' lang='grc'>...-</span> <span class='ocrx_word' id='word_1_412' title='bbox 1007 3501 1159 3579; x_wconf 88' lang='lat' dir='ltr'><strong>gravitate,</strong></span> <span class='ocrx_word' id='word_1_413' title='bbox 1181 3497 1244 3558; x_wconf 89' lang='lat' dir='ltr'><strong>aliis</strong></span> <span class='ocrx_word' id='word_1_414' title='bbox 1264 3499 1404 3557; x_wconf 90' lang='lat' dir='ltr'><strong>Helenam</strong></span> <span class='ocrx_word' id='word_1_415' title='bbox 1421 3493 1628 3556; x_wconf 86' lang='lat' dir='ltr'><strong>remittendam</strong></span> <span class='ocrx_word' id='word_1_416' title='bbox 1651 3496 1777 3554; x_wconf 86' lang='lat' dir='ltr'><strong>suaden-</strong></span> 
     </span>
     <span class='ocr_line' id='line_1_37' title="bbox 399 3583 1777 3693; baseline -0.003 -47"><span class='ocrx_word' id='word_1_417' title='bbox 399 3627 567 3691; x_wconf 69' lang='lat' dir='ltr'><strong>HELENAE</strong></span> <span class='ocrx_word' id='word_1_418' title='bbox 587 3630 741 3693; x_wconf 69' lang='lat' dir='ltr'>RAPTUS</span> <span class='ocrx_word' id='word_1_419' title='bbox 1008 3587 1095 3662; x_wconf 89' lang='lat' dir='ltr'><strong>tibus,</strong></span> <span class='ocrx_word' id='word_1_420' title='bbox 1111 3587 1172 3647; x_wconf 89' lang='lat' dir='ltr'><strong>aliis</strong></span> <span class='ocrx_word' id='word_1_421' title='bbox 1189 3586 1382 3664; x_wconf 88' lang='lat' dir='ltr'><strong>recipiendam</strong></span> <span class='ocrx_word' id='word_1_422' title='bbox 1397 3597 1426 3643; x_wconf 91' lang='lat' dir='ltr'><strong>et</strong></span> <span class='ocrx_word' id='word_1_423' title='bbox 1438 3583 1576 3643; x_wconf 86' lang='lat' dir='ltr'><strong>adversus</strong></span> <span class='ocrx_word' id='word_1_424' title='bbox 1588 3589 1716 3643; x_wconf 79' lang='lat' dir='ltr'><strong>Graecos</strong></span> <span class='ocrx_word' id='word_1_425' title='bbox 1726 3584 1777 3642; x_wconf 89' lang='lat' dir='ltr'><strong>de-</strong></span> 
     </span>
     <span class='ocr_line' id='line_1_38' title="bbox 744 3671 1776 3751; baseline -0.005 -14"><span class='ocrx_word' id='word_1_426' title='bbox 744 3675 751 3690; x_wconf 86' lang='lat'>&#39;</span> <span class='ocrx_word' id='word_1_427' title='bbox 1009 3675 1179 3736; x_wconf 88' lang='lat' dir='ltr'><strong>lendendam</strong></span> <span class='ocrx_word' id='word_1_428' title='bbox 1201 3675 1397 3746; x_wconf 89' lang='lat' dir='ltr'><strong>censentibus;</strong></span> <span class='ocrx_word' id='word_1_429' title='bbox 1418 3693 1511 3751; x_wconf 89' lang='lat' dir='ltr'><strong>neque</strong></span> <span class='ocrx_word' id='word_1_430' title='bbox 1526 3671 1691 3731; x_wconf 79' lang='lat' dir='ltr'><strong>deruerunt</strong></span> <span class='ocrx_word' id='word_1_431' title='bbox 1713 3694 1776 3732; x_wconf 84' lang='lat' dir='ltr'><strong>ora-</strong></span> 
     </span>
     <span class='ocr_line' id='line_1_39' title="bbox 231 3761 1777 3842; baseline -0.005 -17"><span class='ocrx_word' id='word_1_432' title='bbox 231 3767 453 3839; x_wconf 81' lang='lat' dir='ltr'><strong>Quammaxime</strong></span> <span class='ocrx_word' id='word_1_433' title='bbox 468 3767 590 3827; x_wconf 79' lang='lat' dir='ltr'><strong>diversae</strong></span> <span class='ocrx_word' id='word_1_434' title='bbox 614 3781 680 3827; x_wconf 92' lang='lat' dir='ltr'><strong>sunt</strong></span> <span class='ocrx_word' id='word_1_435' title='bbox 702 3770 831 3828; x_wconf 86' lang='lat' dir='ltr'><strong>virorum</strong></span> <span class='ocrx_word' id='word_1_436' title='bbox 854 3769 957 3830; x_wconf 89' lang='lat' dir='ltr'><strong>docto·</strong></span> <span class='ocrx_word' id='word_1_437' title='bbox 1008 3765 1083 3833; x_wconf 87' lang='lat' dir='ltr'><strong>cula,</strong></span> <span class='ocrx_word' id='word_1_438' title='bbox 1094 3765 1197 3842; x_wconf 77' lang='lat' dir='ltr'><strong>quaein</strong></span> <span class='ocrx_word' id='word_1_439' title='bbox 1209 3776 1361 3842; x_wconf 89' lang='lat' dir='ltr'><strong>utramque</strong></span> <span class='ocrx_word' id='word_1_440' title='bbox 1371 3774 1481 3840; x_wconf 89' lang='lat' dir='ltr'><strong>partem</strong></span> <span class='ocrx_word' id='word_1_441' title='bbox 1491 3761 1593 3819; x_wconf 88' lang='lat' dir='ltr'><strong>alferri</strong></span> <span class='ocrx_word' id='word_1_442' title='bbox 1606 3774 1777 3840; x_wconf 84' lang='lat' dir='ltr'><strong>potuerunt.</strong></span> 
     </span>
     <span class='ocr_line' id='line_1_40' title="bbox 192 3849 1776 3940; baseline -0.004 -27"><span class='ocrx_word' id='word_1_443' title='bbox 192 3874 254 3912; x_wconf 86' lang='lat' dir='ltr'><strong>rum</strong></span> <span class='ocrx_word' id='word_1_444' title='bbox 276 3855 423 3916; x_wconf 76' lang='lat' dir='ltr'><strong>sententia</strong></span> <span class='ocrx_word' id='word_1_445' title='bbox 438 3855 476 3914; x_wconf 91' lang='lat' dir='ltr'><strong>de</strong></span> <span class='ocrx_word' id='word_1_446' title='bbox 498 3855 609 3930; x_wconf 82' lang='lat' dir='ltr'><strong>sabula,</strong></span> <span class='ocrx_word' id='word_1_447' title='bbox 632 3876 697 3934; x_wconf 84' lang='lat' dir='ltr'><strong>quae</strong></span> <span class='ocrx_word' id='word_1_448' title='bbox 718 3855 828 3930; x_wconf 77' lang='grc' dir='ltr'>Ἑλένης</span> <span class='ocrx_word' id='word_1_449' title='bbox 851 3858 957 3940; x_wconf 67' lang='grc' dir='ltr'>ἁρπαγή</span> <span class='ocrx_word' id='word_1_450' title='bbox 1007 3852 1083 3910; x_wconf 91' lang='lat' dir='ltr'><strong>Vicit</strong></span> <span class='ocrx_word' id='word_1_451' title='bbox 1097 3850 1231 3928; x_wconf 88' lang='lat' dir='ltr'><strong>injustior</strong></span> <span class='ocrx_word' id='word_1_452' title='bbox 1250 3869 1336 3908; x_wconf 88' lang='lat' dir='ltr'><strong>causa</strong></span> <span class='ocrx_word' id='word_1_453' title='bbox 1349 3863 1452 3916; x_wconf 87' lang='lat' dir='ltr'><strong>contra</strong></span> <span class='ocrx_word' id='word_1_454' title='bbox 1474 3853 1657 3908; x_wconf 86' lang='lat' dir='ltr'><strong>Antenorem</strong></span> <span class='ocrx_word' id='word_1_455' title='bbox 1682 3849 1776 3928; x_wconf 86' lang='lat' dir='ltr'><strong>hujus·</strong></span> 
     </span>
     <span class='ocr_line' id='line_1_41' title="bbox 190 3938 1776 4020; baseline 0.004 -22"><span class='ocrx_word' id='word_1_456' title='bbox 190 3942 369 4004; x_wconf 80' lang='lat' dir='ltr'><strong>inscribitur.</strong></span> <span class='ocrx_word' id='word_1_457' title='bbox 386 3943 547 4003; x_wconf 77' lang='lat' dir='ltr'><strong>urunctius</strong></span> <span class='ocrx_word' id='word_1_458' title='bbox 559 3945 619 4003; x_wconf 75' lang='lat' dir='ltr'><strong>hac</strong></span> <span class='ocrx_word' id='word_1_459' title='bbox 633 3948 803 4006; x_wconf 80' lang='lat' dir='ltr'><strong>annotavit:</strong></span> <span class='ocrx_word' id='word_1_460' title='bbox 824 3945 957 4020; x_wconf 75' lang='grc' dir='ltr'>«Ἑλένης</span> <span class='ocrx_word' id='word_1_461' title='bbox 1008 3960 1066 4018; x_wconf 86' lang='lat' dir='ltr'><strong>que</strong></span> <span class='ocrx_word' id='word_1_462' title='bbox 1080 3940 1171 4014; x_wconf 83' lang='lat' dir='ltr'><strong>lilios,</strong></span> <span class='ocrx_word' id='word_1_463' title='bbox 1184 3958 1278 4016; x_wconf 83' lang='lat' dir='ltr'><strong>neque</strong></span> <span class='ocrx_word' id='word_1_464' title='bbox 1300 3938 1469 3998; x_wconf 84' lang='lat' dir='ltr'><strong>incredibile</strong></span> <span class='ocrx_word' id='word_1_465' title='bbox 1489 3949 1533 3996; x_wconf 78' lang='lat' dir='ltr'><strong>est</strong></span> <span class='ocrx_word' id='word_1_466' title='bbox 1545 3949 1667 4016; x_wconf 80' lang='lat' dir='ltr'><strong>poetam</strong></span> <span class='ocrx_word' id='word_1_467' title='bbox 1685 3938 1776 3995; x_wconf 75' lang='lat' dir='ltr'><strong>statim</strong></span> 
     </span>
     <span class='ocr_line' id='line_1_42' title="bbox 192 4025 1775 4113; baseline -0.001 -28"><span class='ocrx_word' id='word_1_468' title='bbox 192 4025 300 4108; x_wconf 75' lang='grc' dir='ltr'>ἁρπαγὴ</span> <span class='ocrx_word' id='word_1_469' title='bbox 319 4031 499 4091; x_wconf 91' lang='lat' dir='ltr'><strong>laudaturab</strong></span> <span class='ocrx_word' id='word_1_470' title='bbox 513 4025 631 4092; x_wconf 84' lang='lat' dir='ltr'><strong>auctore</strong></span> <span class='ocrx_word' id='word_1_471' title='bbox 644 4035 805 4112; x_wconf 88' lang='lat' dir='ltr'><strong>argumenti</strong></span> <span class='ocrx_word' id='word_1_472' title='bbox 819 4035 912 4113; x_wconf 86' lang='lat' dir='ltr'><strong>Ajacis</strong></span> <span class='ocrx_word' id='word_1_473' title='bbox 930 4049 959 4095; x_wconf 92' lang='lat' dir='ltr'><strong>et</strong></span> <span class='ocrx_word' id='word_1_474' title='bbox 1006 4028 1042 4086; x_wconf 74' lang='lat' dir='ltr'><strong>ab</strong></span> <span class='ocrx_word' id='word_1_475' title='bbox 1063 4028 1148 4087; x_wconf 85' lang='lat' dir='ltr'><strong>initio</strong></span> <span class='ocrx_word' id='word_1_476' title='bbox 1171 4028 1245 4085; x_wconf 84' lang='lat' dir='ltr'><strong>mala</strong></span> <span class='ocrx_word' id='word_1_477' title='bbox 1268 4027 1332 4099; x_wconf 93' lang='lat' dir='ltr'><strong>illa,</strong></span> <span class='ocrx_word' id='word_1_478' title='bbox 1355 4048 1419 4106; x_wconf 84' lang='lat' dir='ltr'><strong>quae</strong></span> <span class='ocrx_word' id='word_1_479' title='bbox 1445 4047 1481 4085; x_wconf 89' lang='lat' dir='ltr'><strong>ex</strong></span> <span class='ocrx_word' id='word_1_480' title='bbox 1500 4039 1590 4104; x_wconf 86' lang='lat' dir='ltr'><strong>raptu</strong></span> <span class='ocrx_word' id='word_1_481' title='bbox 1611 4027 1775 4085; x_wconf 84' lang='lat' dir='ltr'><strong>insecutura</strong></span> 
     </span>
     <span class='ocr_line' id='line_1_43' title="bbox 193 4114 1774 4199; baseline 0.006 -26"><span class='ocrx_word' id='word_1_482' title='bbox 193 4117 233 4174; x_wconf 82' lang='lat' dir='ltr'><strong>ita</strong></span> <span class='ocrx_word' id='word_1_483' title='bbox 246 4117 374 4193; x_wconf 80' lang='lat' dir='ltr'><strong>quidem,</strong></span> <span class='ocrx_word' id='word_1_484' title='bbox 387 4132 421 4177; x_wconf 90' lang='lat' dir='ltr'><strong>ut</strong></span> <span class='ocrx_word' id='word_1_485' title='bbox 436 4120 615 4199; x_wconf 82' lang='lat' dir='ltr'><strong>intelligatur</strong></span> <span class='ocrx_word' id='word_1_486' title='bbox 628 4121 761 4181; x_wconf 79' lang='lat' dir='ltr'><strong>exhiberi</strong></span> <span class='ocrx_word' id='word_1_487' title='bbox 775 4125 803 4181; x_wconf 83' lang='lat' dir='ltr'><strong>in</strong></span> <span class='ocrx_word' id='word_1_488' title='bbox 816 4124 871 4182; x_wconf 84' lang='lat' dir='ltr'><strong>hoc</strong></span> <span class='ocrx_word' id='word_1_489' title='bbox 887 4123 958 4184; x_wconf 81' lang='lat' dir='ltr'><strong>dra·</strong></span> <span class='ocrx_word' id='word_1_490' title='bbox 1006 4129 1116 4189; x_wconf 82' lang='lat' dir='ltr'><strong>essent,</strong></span> <span class='ocrx_word' id='word_1_491' title='bbox 1137 4116 1349 4194; x_wconf 66' lang='lat' dir='ltr'><strong>praedixissent</strong></span> <span class='ocrx_word' id='word_1_492' title='bbox 1372 4129 1467 4174; x_wconf 80' lang='lat' dir='ltr'><strong>tamen</strong></span> <span class='ocrx_word' id='word_1_493' title='bbox 1486 4115 1653 4173; x_wconf 82' lang='lat' dir='ltr'><strong>ostendisse</strong></span> <span class='ocrx_word' id='word_1_494' title='bbox 1677 4114 1774 4172; x_wconf 78' lang='lat' dir='ltr'><strong>eriurr&#39;</strong></span> 
     </span>
    </p>
   </div>
   <div class='ocr_carea' id='block_1_3' title="bbox 192 3173 960 3500">
    <p class='ocr_par' dir='ltr' id='par_1_3' title="bbox 192 3173 960 3500">
     <span class='ocr_line' id='line_1_44' title="bbox 234 3173 960 3258; baseline 0.01 -26"><span class='ocrx_word' id='word_1_495' title='bbox 234 3173 356 3233; x_wconf 88' lang='lat' dir='ltr'><strong>Videtur</strong></span> <span class='ocrx_word' id='word_1_496' title='bbox 368 3174 447 3232; x_wconf 90' lang='lat' dir='ltr'><strong>nulla</strong></span> <span class='ocrx_word' id='word_1_497' title='bbox 468 3194 597 3254; x_wconf 90' lang='lat' dir='ltr'><strong>unquam</strong></span> <span class='ocrx_word' id='word_1_498' title='bbox 619 3178 757 3258; x_wconf 89' lang='lat' dir='ltr'><strong>tragoedia</strong></span> <span class='ocrx_word' id='word_1_499' title='bbox 773 3178 875 3258; x_wconf 86' lang='lat' dir='ltr'><strong>fuisse,</strong></span> <span class='ocrx_word' id='word_1_500' title='bbox 895 3199 960 3258; x_wconf 80' lang='lat' dir='ltr'><strong>quae</strong></span> 
     </span>
     <span class='ocr_line' id='line_1_45' title="bbox 194 3261 960 3346; baseline 0.007 -24"><span class='ocrx_word' id='word_1_501' title='bbox 194 3261 299 3322; x_wconf 87' lang='lat' dir='ltr'><strong>Priami</strong></span> <span class='ocrx_word' id='word_1_502' title='bbox 309 3263 426 3322; x_wconf 90' lang='lat' dir='ltr'><strong>nomine</strong></span> <span class='ocrx_word' id='word_1_503' title='bbox 437 3263 575 3342; x_wconf 90' lang='lat' dir='ltr'><strong>inscripta</strong></span> <span class='ocrx_word' id='word_1_504' title='bbox 585 3265 680 3324; x_wconf 88' lang='lat' dir='ltr'><strong>suerit.</strong></span> <span class='ocrx_word' id='word_1_505' title='bbox 690 3271 792 3346; x_wconf 89' lang='lat' dir='ltr'><strong>Itaque</strong></span> <span class='ocrx_word' id='word_1_506' title='bbox 804 3267 960 3346; x_wconf 86' lang='lat' dir='ltr'><strong>fragmenta</strong></span> 
     </span>
     <span class='ocr_line' id='line_1_46' title="bbox 193 3351 959 3430; baseline 0.009 -21"><span class='ocrx_word' id='word_1_507' title='bbox 193 3371 257 3430; x_wconf 84' lang='lat' dir='ltr'><strong>quae</strong></span> <span class='ocrx_word' id='word_1_508' title='bbox 275 3351 383 3411; x_wconf 89' lang='lat' dir='ltr'><strong>Priami</strong></span> <span class='ocrx_word' id='word_1_509' title='bbox 399 3353 517 3411; x_wconf 90' lang='lat' dir='ltr'><strong>nomine</strong></span> <span class='ocrx_word' id='word_1_510' title='bbox 532 3352 668 3428; x_wconf 89' lang='lat' dir='ltr'><strong>citantur,</strong></span> <span class='ocrx_word' id='word_1_511' title='bbox 680 3355 710 3413; x_wconf 89' lang='lat' dir='ltr'><strong>in</strong></span> <span class='ocrx_word' id='word_1_512' title='bbox 727 3359 893 3416; x_wconf 77' lang='lat' dir='ltr'><strong>Pantanus</strong></span> <span class='ocrx_word' id='word_1_513' title='bbox 911 3377 959 3416; x_wconf 90' lang='lat' dir='ltr'><strong>re-</strong></span> 
     </span>
     <span class='ocr_line' id='line_1_47' title="bbox 192 3458 366 3500; baseline -0.006 -2"><span class='ocrx_word' id='word_1_514' title='bbox 192 3458 366 3500; x_wconf 78' lang='lat' dir='ltr'><strong>censuimus.</strong></span> 
     </span>
    </p>
   </div>
   <div class='ocr_carea' id='block_1_4' title="bbox 191 4201 1774 4467">
    <p class='ocr_par' dir='ltr' id='par_1_4' title="bbox 191 4201 1774 4467">
     <span class='ocr_line' id='line_1_48' title="bbox 191 4201 1774 4288; baseline 0 -26"><span class='ocrx_word' id='word_1_515' title='bbox 191 4201 277 4278; x_wconf 86' lang='lat' dir='ltr'><strong>mat&#39;e,</strong></span> <span class='ocrx_word' id='word_1_516' title='bbox 295 4207 417 4266; x_wconf 87' lang='lat' dir='ltr'><strong>simodo</strong></span> <span class='ocrx_word' id='word_1_517' title='bbox 435 4209 576 4286; x_wconf 90' lang='lat' dir='ltr'><strong>scriptum</strong></span> <span class='ocrx_word' id='word_1_518' title='bbox 595 4211 650 4268; x_wconf 85' lang='lat' dir='ltr'><strong>luit</strong></span> <span class='ocrx_word' id='word_1_519' title='bbox 668 4229 804 4288; x_wconf 90' lang='lat' dir='ltr'><strong>unquam,</strong></span> <span class='ocrx_word' id='word_1_520' title='bbox 822 4211 957 4273; x_wconf 84' lang='lat' dir='ltr'><strong>debuisse</strong></span> <span class='ocrx_word' id='word_1_521' title='bbox 1006 4226 1064 4265; x_wconf 91' lang='lat' dir='ltr'><strong>non</strong></span> <span class='ocrx_word' id='word_1_522' title='bbox 1085 4205 1223 4284; x_wconf 87' lang='lat' dir='ltr'><strong>potuisse,</strong></span> <span class='ocrx_word' id='word_1_523' title='bbox 1244 4223 1308 4281; x_wconf 83' lang='lat' dir='ltr'><strong>quae</strong></span> <span class='ocrx_word' id='word_1_524' title='bbox 1329 4218 1425 4263; x_wconf 88' lang='lat' dir='ltr'><strong>essent</strong></span> <span class='ocrx_word' id='word_1_525' title='bbox 1445 4203 1511 4261; x_wconf 88' lang='lat' dir='ltr'><strong>satis</strong></span> <span class='ocrx_word' id='word_1_526' title='bbox 1532 4201 1692 4262; x_wconf 83' lang='lat' dir='ltr'><strong>destinata.</strong></span> <span class='ocrx_word' id='word_1_527' title='bbox 1712 4206 1774 4262; x_wconf 74' lang='lat' dir='ltr'><strong>fra·</strong></span> 
     </span>
     <span class='ocr_line' id='line_1_49' title="bbox 191 4292 1584 4375; baseline 0.007 -24"><span class='ocrx_word' id='word_1_528' title='bbox 191 4294 329 4352; x_wconf 87' lang='lat' dir='ltr'><strong>Helenam</strong></span> <span class='ocrx_word' id='word_1_529' title='bbox 349 4314 365 4352; x_wconf 91' lang='lat' dir='ltr'><strong>e</strong></span> <span class='ocrx_word' id='word_1_530' title='bbox 384 4294 474 4372; x_wconf 89' lang='lat' dir='ltr'><strong>Troja</strong></span> <span class='ocrx_word' id='word_1_531' title='bbox 492 4308 636 4375; x_wconf 84' lang='lat' dir='ltr'><strong>ereptam,</strong></span> <span class='ocrx_word' id='word_1_532' title='bbox 659 4309 718 4355; x_wconf 86' lang='lat' dir='ltr'><strong>n&#39;on</strong></span> <span class='ocrx_word' id='word_1_533' title='bbox 737 4311 833 4357; x_wconf 90' lang='lat' dir='ltr'><strong>autem</strong></span> <span class='ocrx_word' id='word_1_534' title='bbox 854 4301 957 4362; x_wconf 87' lang='lat' dir='ltr'><strong>Thesei</strong></span> <span class='ocrx_word' id='word_1_535' title='bbox 1005 4307 1120 4372; x_wconf 68' lang='lat' dir='ltr'><strong>gtssffllr‘t</strong></span> <span class='ocrx_word' id='word_1_536' title='bbox 1133 4293 1279 4372; x_wconf 65' lang='lat' dir='ltr'><strong>iregoediae</strong></span> <span class='ocrx_word' id='word_1_537' title='bbox 1290 4292 1369 4350; x_wconf 71' lang='lat' dir='ltr'><strong>nulla</strong></span> <span class='ocrx_word' id='word_1_538' title='bbox 1380 4304 1493 4351; x_wconf 89' lang='lat' dir='ltr'><strong>serrata</strong></span> <span class='ocrx_word' id='word_1_539' title='bbox 1507 4303 1584 4349; x_wconf 67' lang='lat'>⁵⁰⁰1·</span> 
     </span>
     <span class='ocr_line' id='line_1_50' title="bbox 191 4382 1368 4467; baseline 0.008 -27"><span class='ocrx_word' id='word_1_540' title='bbox 191 4382 316 4457; x_wconf 88' lang='lat' dir='ltr'><strong>lacinus,</strong></span> <span class='ocrx_word' id='word_1_541' title='bbox 331 4384 381 4463; x_wconf 90' lang='lat' dir='ltr'><strong>qui</strong></span> <span class='ocrx_word' id='word_1_542' title='bbox 395 4385 474 4442; x_wconf 87' lang='lat' dir='ltr'><strong>illam</strong></span> <span class='ocrx_word' id='word_1_543' title='bbox 491 4385 615 4444; x_wconf 87' lang='lat' dir='ltr'><strong>necdum</strong></span> <span class='ocrx_word' id='word_1_544' title='bbox 634 4398 774 4444; x_wconf 89' lang='lat' dir='ltr'><strong>maturam</strong></span> <span class='ocrx_word' id='word_1_545' title='bbox 790 4403 957 4467; x_wconf 71' lang='lat' dir='ltr'><strong>rapuerat.»</strong></span> <span class='ocrx_word' id='word_1_546' title='bbox 1351 4403 1368 4444; x_wconf 71' lang='grc' dir='ltr'>δ</span> 
     </span>
    </p>
   </div>
   <div class='ocr_carea' id='block_1_5' title="bbox 1326 4449 1431 4467">
    <p class='ocr_par' dir='ltr' id='par_1_5' title="bbox 1326 4449 1431 4467">
     <span class='ocr_line' id='line_1_51' title="bbox 1326 4449 1431 4467; baseline -0.019 0"><span class='ocrx_word' id='word_1_547' title='bbox 1326 4449 1431 4467; x_wconf 54' lang='grc'><strong>,-</strong></span> 
     </span>
    </p>
   </div>
   <div class='ocr_carea' id='block_1_6' title="bbox 190 4472 1769 5270">
    <p class='ocr_par' dir='ltr' id='par_1_6' title="bbox 190 4472 955 4552">
     <span class='ocr_line' id='line_1_52' title="bbox 190 4472 955 4552; baseline 0.013 -23"><span class='ocrx_word' id='word_1_548' title='bbox 190 4472 245 4530; x_wconf 88' lang='lat' dir='ltr'><strong>Alii</strong></span> <span class='ocrx_word' id='word_1_549' title='bbox 264 4485 380 4551; x_wconf 90' lang='lat' dir='ltr'><strong>raptum</strong></span> <span class='ocrx_word' id='word_1_550' title='bbox 401 4474 519 4533; x_wconf 85' lang='lat' dir='ltr'><strong>Helenae</strong></span> <span class='ocrx_word' id='word_1_551' title='bbox 539 4477 652 4552; x_wconf 81' lang='lat' dir='ltr'><strong>Spartae</strong></span> <span class='ocrx_word' id='word_1_552' title='bbox 673 4475 887 4550; x_wconf 84' lang='lat' dir='ltr'><strong>intellexerunt,</strong></span> <span class='ocrx_word' id='word_1_553' title='bbox 906 4481 955 4540; x_wconf 91' lang='lat' dir='ltr'><strong>alii</strong></span> 
     </span>
    </p>

    <p class='ocr_par' dir='ltr' id='par_1_7' title="bbox 191 4543 1529 4640">
     <span class='ocr_line' id='line_1_53' title="bbox 191 4543 1529 4640; baseline 0.001 -22"><span class='ocrx_word' id='word_1_554' title='bbox 191 4574 366 4640; x_wconf 79' lang='lat' dir='ltr'><strong>putaverunt</strong></span> <span class='ocrx_word' id='word_1_555' title='bbox 379 4562 507 4622; x_wconf 85' lang='lat' dir='ltr'><strong>fabulam</strong></span> <span class='ocrx_word' id='word_1_556' title='bbox 518 4564 672 4640; x_wconf 83' lang='lat' dir='ltr'><strong>satyricam</strong></span> <span class='ocrx_word' id='word_1_557' title='bbox 685 4563 782 4637; x_wconf 88' lang='lat' dir='ltr'><strong>fuisse,</strong></span> <span class='ocrx_word' id='word_1_558' title='bbox 793 4577 826 4622; x_wconf 93' lang='lat' dir='ltr'><strong>ut</strong></span> <span class='ocrx_word' id='word_1_559' title='bbox 837 4569 957 4626; x_wconf 72' lang='lat' dir='ltr'><strong>Helenae</strong></span> <span class='ocrx_word' id='word_1_560' title='bbox 1248 4546 1347 4608; x_wconf 68' lang='grc' dir='ltr'><strong>ᾹῙᾹΧ</strong></span> <span class='ocrx_word' id='word_1_561' title='bbox 1368 4543 1529 4606; x_wconf 70' lang='lat' dir='ltr'><strong>LOCRUS·</strong></span> 
     </span>
    </p>

    <p class='ocr_par' dir='ltr' id='par_1_8' title="bbox 190 4651 1769 5270">
     <span class='ocr_line' id='line_1_54' title="bbox 190 4651 1761 4741; baseline 0.004 -35"><span class='ocrx_word' id='word_1_562' title='bbox 190 4655 315 4726; x_wconf 83' lang='lat' dir='ltr'><strong>nuptias,</strong></span> <span class='ocrx_word' id='word_1_563' title='bbox 334 4652 469 4730; x_wconf 83' lang='lat' dir='ltr'><strong>aquibus</strong></span> <span class='ocrx_word' id='word_1_564' title='bbox 484 4652 533 4711; x_wconf 89' lang='lat' dir='ltr'><strong>alii</strong></span> <span class='ocrx_word' id='word_1_565' title='bbox 547 4652 620 4711; x_wconf 87' lang='lat' dir='ltr'><strong>hanc</strong></span> <span class='ocrx_word' id='word_1_566' title='bbox 639 4651 816 4730; x_wconf 89' lang='lat' dir='ltr'><strong>distinguere</strong></span> <span class='ocrx_word' id='word_1_567' title='bbox 831 4654 956 4716; x_wconf 86' lang='lat' dir='ltr'><strong>sabulum</strong></span> <span class='ocrx_word' id='word_1_568' title='bbox 1045 4660 1240 4741; x_wconf 83' lang='lat' dir='ltr'><strong>Exposuimus</strong></span> <span class='ocrx_word' id='word_1_569' title='bbox 1253 4679 1300 4718; x_wconf 88' lang='lat' dir='ltr'><strong>res</strong></span> <span class='ocrx_word' id='word_1_570' title='bbox 1321 4655 1417 4737; x_wconf 86' lang='lat' dir='ltr'><strong>Ajacis</strong></span> <span class='ocrx_word' id='word_1_571' title='bbox 1440 4657 1526 4716; x_wconf 90' lang='lat' dir='ltr'><strong>Locri</strong></span> <span class='ocrx_word' id='word_1_572' title='bbox 1549 4656 1582 4714; x_wconf 90' lang='lat' dir='ltr'><strong>iu</strong></span> <span class='ocrx_word' id='word_1_573' title='bbox 1605 4657 1761 4736; x_wconf 80' lang='lat' dir='ltr'><strong>fragmenti</strong></span> 
     </span>
     <span class='ocr_line' id='line_1_55' title="bbox 190 4739 1764 4828; baseline 0.003 -32"><span class='ocrx_word' id='word_1_574' title='bbox 190 4739 354 4800; x_wconf 88' lang='lat' dir='ltr'><strong>noluerunt.</strong></span> <span class='ocrx_word' id='word_1_575' title='bbox 379 4741 545 4802; x_wconf 84' lang='lat' dir='ltr'><strong>Welelterus</strong></span> <span class='ocrx_word' id='word_1_576' title='bbox 564 4743 818 4820; x_wconf 48' lang='lat' dir='ltr'><strong>‚recuperationem</strong></span> <span class='ocrx_word' id='word_1_577' title='bbox 842 4745 957 4805; x_wconf 78' lang='lat' dir='ltr'><strong>Helena</strong></span> <span class='ocrx_word' id='word_1_578' title='bbox 1006 4750 1144 4828; x_wconf 85' lang='lat' dir='ltr'><strong>AEschyli,</strong></span> <span class='ocrx_word' id='word_1_579' title='bbox 1162 4768 1256 4827; x_wconf 89' lang='lat' dir='ltr'><strong>neque</strong></span> <span class='ocrx_word' id='word_1_580' title='bbox 1271 4747 1429 4826; x_wconf 88' lang='lat' dir='ltr'><strong>quidquam</strong></span> <span class='ocrx_word' id='word_1_581' title='bbox 1449 4745 1601 4820; x_wconf 89' lang='lat' dir='ltr'><strong>habemus,</strong></span> <span class='ocrx_word' id='word_1_582' title='bbox 1623 4747 1707 4824; x_wconf 91' lang='lat' dir='ltr'><strong>quod</strong></span> <span class='ocrx_word' id='word_1_583' title='bbox 1722 4747 1764 4805; x_wconf 87' lang='lat' dir='ltr'><strong>illi</strong></span> 
     </span>
     <span class='ocr_line' id='line_1_56' title="bbox 190 4829 1768 4910; baseline -0.002 -23"><span class='ocrx_word' id='word_1_584' title='bbox 190 4846 243 4907; x_wconf 79' lang='lat' dir='ltr'><strong>pet·</strong></span> <span class='ocrx_word' id='word_1_585' title='bbox 256 4829 421 4888; x_wconf 79' lang='lat' dir='ltr'><strong>Menelaum</strong></span> <span class='ocrx_word' id='word_1_586' title='bbox 443 4844 508 4908; x_wconf 84' lang='lat' dir='ltr'><strong>post</strong></span> <span class='ocrx_word' id='word_1_587' title='bbox 520 4831 668 4910; x_wconf 79' lang='lat' dir='ltr'><strong>Deiphobi</strong></span> <span class='ocrx_word' id='word_1_588' title='bbox 689 4831 797 4890; x_wconf 82' lang='lat' dir='ltr'><strong>caedetn</strong></span> <span class='ocrx_word' id='word_1_589' title='bbox 813 4833 957 4893; x_wconf 81' lang='lat' dir='ltr'><strong>intellexit</strong></span> <span class='ocrx_word' id='word_1_590' title='bbox 1005 4838 1172 4898; x_wconf 83' lang='lat' dir='ltr'><strong>addendum</strong></span> <span class='ocrx_word' id='word_1_591' title='bbox 1185 4857 1248 4897; x_wconf 82' lang='lat' dir='ltr'><strong>esse</strong></span> <span class='ocrx_word' id='word_1_592' title='bbox 1261 4837 1402 4896; x_wconf 80' lang='lat' dir='ltr'><strong>videatur.</strong></span> <span class='ocrx_word' id='word_1_593' title='bbox 1417 4835 1587 4896; x_wconf 81' lang='lat' dir='ltr'><strong>Welckerus</strong></span> <span class='ocrx_word' id='word_1_594' title='bbox 1601 4847 1702 4894; x_wconf 79' lang='lat' dir='ltr'><strong>autem</strong></span> <span class='ocrx_word' id='word_1_595' title='bbox 1716 4835 1768 4892; x_wconf 71' lang='lat' dir='ltr'><strong>haee</strong></span> 
     </span>
     <span class='ocr_line' id='line_1_57' title="bbox 191 4914 1769 5006; baseline 0.004 -33"><span class='ocrx_word' id='word_1_596' title='bbox 191 4914 372 4996; x_wconf 88' lang='lat' dir='ltr'><strong>reditumque</strong></span> <span class='ocrx_word' id='word_1_597' title='bbox 387 4919 416 4976; x_wconf 93' lang='lat' dir='ltr'><strong>in</strong></span> <span class='ocrx_word' id='word_1_598' title='bbox 431 4921 585 4994; x_wconf 88' lang='lat' dir='ltr'><strong>Graeciam,</strong></span> <span class='ocrx_word' id='word_1_599' title='bbox 601 4921 727 4999; x_wconf 89' lang='lat' dir='ltr'><strong>primum</strong></span> <span class='ocrx_word' id='word_1_600' title='bbox 750 4921 819 5000; x_wconf 89' lang='lat' dir='ltr'><strong>quia</strong></span> <span class='ocrx_word' id='word_1_601' title='bbox 840 4925 958 4999; x_wconf 84' lang='lat' dir='ltr'><strong>ann&#39;oe</strong></span> <span class='ocrx_word' id='word_1_602' title='bbox 1005 4927 1121 5006; x_wconf 91' lang='lat' dir='ltr'><strong>scripsit</strong></span> <span class='ocrx_word' id='word_1_603' title='bbox 1133 4926 1170 4985; x_wconf 92' lang='lat' dir='ltr'><strong>de</strong></span> <span class='ocrx_word' id='word_1_604' title='bbox 1186 4925 1323 5005; x_wconf 86' lang='lat' dir='ltr'><strong>tragoedia</strong></span> <span class='ocrx_word' id='word_1_605' title='bbox 1345 4929 1482 4994; x_wconf 80' lang='lat' dir='ltr'><strong>:Omnes</strong></span> <span class='ocrx_word' id='word_1_606' title='bbox 1493 4924 1671 5002; x_wconf 86' lang='lat' dir='ltr'><strong>interpretes</strong></span> <span class='ocrx_word' id='word_1_607' title='bbox 1686 4936 1769 5002; x_wconf 82' lang='lat' dir='ltr'><strong>puta-</strong></span> 
     </span>
     <span class='ocr_line' id='line_1_58' title="bbox 192 5004 1769 5093; baseline -0.002 -22"><span class='ocrx_word' id='word_1_608' title='bbox 192 5004 309 5063; x_wconf 69' lang='lat' dir='ltr'><strong>Helettoe</strong></span> <span class='ocrx_word' id='word_1_609' title='bbox 323 5005 399 5066; x_wconf 75' lang='lat' dir='ltr'><strong>inter</strong></span> <span class='ocrx_word' id='word_1_610' title='bbox 412 5022 579 5086; x_wconf 84' lang='lat' dir='ltr'><strong>argumenta</strong></span> <span class='ocrx_word' id='word_1_611' title='bbox 592 5011 694 5069; x_wconf 88' lang='lat' dir='ltr'><strong>Troica</strong></span> <span class='ocrx_word' id='word_1_612' title='bbox 710 5009 811 5070; x_wconf 75' lang='lat' dir='ltr'><strong>referri</strong></span> <span class='ocrx_word' id='word_1_613' title='bbox 828 5030 885 5069; x_wconf 92' lang='lat' dir='ltr'><strong>non</strong></span> <span class='ocrx_word' id='word_1_614' title='bbox 901 5033 957 5092; x_wconf 90' lang='lat' dir='ltr'><strong>po·</strong></span> <span class='ocrx_word' id='word_1_615' title='bbox 1006 5028 1111 5075; x_wconf 87' lang='lat' dir='ltr'><strong>rerunt</strong></span> <span class='ocrx_word' id='word_1_616' title='bbox 1129 5015 1235 5092; x_wconf 84' lang='lat' dir='ltr'><strong>exponi</strong></span> <span class='ocrx_word' id='word_1_617' title='bbox 1259 5035 1276 5074; x_wconf 91' lang='lat' dir='ltr'><strong>a</strong></span> <span class='ocrx_word' id='word_1_618' title='bbox 1299 5012 1442 5093; x_wconf 86' lang='lat' dir='ltr'><strong>Sophocle</strong></span> <span class='ocrx_word' id='word_1_619' title='bbox 1463 5013 1518 5072; x_wconf 89' lang='lat' dir='ltr'><strong>hac</strong></span> <span class='ocrx_word' id='word_1_620' title='bbox 1533 5013 1680 5090; x_wconf 75' lang='lat' dir='ltr'><strong>tragedia,</strong></span> <span class='ocrx_word' id='word_1_621' title='bbox 1696 5031 1769 5090; x_wconf 89' lang='lat' dir='ltr'><strong>quo·</strong></span> 
     </span>
     <span class='ocr_line' id='line_1_59' title="bbox 191 5094 1767 5182; baseline 0.004 -33"><span class='ocrx_word' id='word_1_622' title='bbox 191 5094 317 5166; x_wconf 87' lang='lat' dir='ltr'><strong>tuerint,</strong></span> <span class='ocrx_word' id='word_1_623' title='bbox 333 5107 392 5153; x_wconf 90' lang='lat' dir='ltr'><strong>tum</strong></span> <span class='ocrx_word' id='word_1_624' title='bbox 407 5097 485 5174; x_wconf 90' lang='lat' dir='ltr'><strong>quod</strong></span> <span class='ocrx_word' id='word_1_625' title='bbox 499 5099 710 5176; x_wconf 87' lang='lat' dir='ltr'><strong>grammaticus,</strong></span> <span class='ocrx_word' id='word_1_626' title='bbox 726 5100 783 5178; x_wconf 29' lang='lat' dir='ltr'><strong>&#39;qni</strong></span> <span class='ocrx_word' id='word_1_627' title='bbox 801 5119 957 5179; x_wconf 82' lang='lat' dir='ltr'><strong>argumeu-</strong></span> <span class='ocrx_word' id='word_1_628' title='bbox 1006 5103 1093 5163; x_wconf 88' lang='lat' dir='ltr'><strong>modo</strong></span> <span class='ocrx_word' id='word_1_629' title='bbox 1116 5101 1191 5182; x_wconf 83' lang='lat' dir='ltr'><strong>Ajax</strong></span> <span class='ocrx_word' id='word_1_630' title='bbox 1220 5115 1403 5182; x_wconf 82' lang='lat' dir='ltr'><strong>tempestate,</strong></span> <span class='ocrx_word' id='word_1_631' title='bbox 1430 5121 1493 5178; x_wconf 79' lang='lat' dir='ltr'><strong>quar</strong></span> <span class='ocrx_word' id='word_1_632' title='bbox 1516 5099 1644 5158; x_wconf 83' lang='lat' dir='ltr'><strong>Achivos</strong></span> <span class='ocrx_word' id='word_1_633' title='bbox 1665 5100 1696 5157; x_wconf 90' lang='lat' dir='ltr'><strong>in</strong></span> <span class='ocrx_word' id='word_1_634' title='bbox 1718 5118 1767 5176; x_wconf 71' lang='lat' dir='ltr'><strong>pa⁴</strong></span> 
     </span>
     <span class='ocr_line' id='line_1_60' title="bbox 192 5182 1765 5270; baseline 0.005 -31"><span class='ocrx_word' id='word_1_635' title='bbox 192 5192 251 5239; x_wconf 89' lang='lat' dir='ltr'><strong>tum</strong></span> <span class='ocrx_word' id='word_1_636' title='bbox 268 5182 363 5262; x_wconf 87' lang='lat' dir='ltr'><strong>Ajacis</strong></span> <span class='ocrx_word' id='word_1_637' title='bbox 382 5185 510 5265; x_wconf 88' lang='lat' dir='ltr'><strong>scripsit,</strong></span> <span class='ocrx_word' id='word_1_638' title='bbox 521 5187 584 5247; x_wconf 90' lang='lat' dir='ltr'><strong>illas</strong></span> <span class='ocrx_word' id='word_1_639' title='bbox 601 5187 659 5247; x_wconf 89' lang='lat' dir='ltr'><strong>alio</strong></span> <span class='ocrx_word' id='word_1_640' title='bbox 678 5187 781 5249; x_wconf 87' lang='lat' dir='ltr'><strong>ordine</strong></span> <span class='ocrx_word' id='word_1_641' title='bbox 793 5209 955 5251; x_wconf 86' lang='lat' dir='ltr'><strong>memoras·</strong></span> <span class='ocrx_word' id='word_1_642' title='bbox 1007 5193 1090 5253; x_wconf 90' lang='lat' dir='ltr'><strong>triam</strong></span> <span class='ocrx_word' id='word_1_643' title='bbox 1105 5205 1281 5255; x_wconf 88' lang='lat' dir='ltr'><strong>revertentes</strong></span> <span class='ocrx_word' id='word_1_644' title='bbox 1294 5191 1330 5252; x_wconf 91' lang='lat' dir='ltr'><strong>ad</strong></span> <span class='ocrx_word' id='word_1_645' title='bbox 1343 5189 1577 5270; x_wconf 84' lang='lat' dir='ltr'><strong>promontorium</strong></span> <span class='ocrx_word' id='word_1_646' title='bbox 1589 5187 1765 5268; x_wconf 71' lang='lat' dir='ltr'><strong>Caphereum</strong></span> 
     </span>
    </p>
   </div>
   <div class='ocr_carea' id='block_1_7' title="bbox 0 0 1830 5798">
    <p class='ocr_par' dir='ltr' id='par_1_9' title="bbox 0 0 1830 5798">
     <span class='ocr_line' id='line_1_61' title="bbox 0 0 1830 5798; baseline 0 0"><span class='ocrx_word' id='word_1_647' title='bbox 0 0 1830 5798; x_wconf 95' lang='lat' dir='ltr'><strong> </strong></span> 
     </span>
    </p>
   </div>
  </div>
 </body>
</html>
