3656 5798
163 410 220 464 tto
722 391 895 455 AESGHYLI
915 388 1161 452 extenuata„

448 525 645 590 XANTRIAE.

204 663 302 723 Tertia
314 662 436 740 trilogiae
453 659 549 718 fabula
565 657 692 720 llantriae
705 657 836 731 fuerunt,
852 661 926 716 Car-

167 753 340 814 minatrices.
357 755 392 810 ln
407 770 466 830 quo
488 749 603 808 difficile
618 759 661 806 est
682 747 839 826 dispicere,
856 744 927 825 quid

166 929 288 990 dederit.
299 927 436 987 Dubitari
446 945 518 984 vero
529 945 586 982 non
598 937 703 1004 potest,
714 925 785 1004 quin
797 928 863 983 Xan
869 923 929 981 triae

168 1013 597 1083 chorumconstituerint.Quod
606 1013 629 1071 si
644 1033 745 1073 verum
754 1026 805 1084 est,
816 1011 928 1070 achorc

171 1107 249 1166 dieas
263 1106 393 1163 Pentheo
410 1104 569 1183 perniciem
585 1102 708 1176 illatam,
728 1123 786 1160 non
805 1122 869 1180 quae
887 1114 930 1160 est

171 1193 309 1254 Welclteri
329 1193 487 1264 sententia,
509 1192 634 1250 achcro
653 1190 746 1250 solum
767 1190 929 1248 imitatione

167 1301 348 1363 expressam,
359 1281 428 1341 dum
438 1291 520 1340 extra
529 1300 644 1341 scenam
656 1282 801 1342 Pentheus
811 1301 826 1340 a
839 1293 931 1339 matre

168 1383 197 1430 et
212 1371 387 1430 marterteris
402 1369 557 1428 dilaniatus
569 1370 614 1428 sit.

207 1465 415 1536 Argumentum
439 1471 468 1516 et
493 1457 648 1535 Euripides
669 1468 698 1516 et
719 1457 840 1518 Ovidius
864 1455 932 1515 satis

168 1549 287 1627 copiose
296 1559 465 1608 tractarunt.
479 1547 625 1607 Pentheus
639 1548 716 1606 enim
735 1567 793 1605 non
807 1545 933 1604 sedatior

169 1637 292 1696 liberato
304 1657 341 1696 ex
350 1637 475 1696 vinculis
487 1634 541 1693 deo
552 1636 782 1696 inCithaeronem
795 1634 933 1706 discessit,

171 1738 202 1784 ut
214 1725 359 1799 mulieres,
370 1745 432 1804 quc
440 1723 525 1783 deum
535 1737 640 1783 secutae
651 1724 731 1802 orgia
742 1722 933 1793 celebrarunt,

171 1814 322 1875 reduceret
346 1833 509 1892 novamque
526 1813 753 1891 religionemque
773 1812 887 1870 tolleret
905 1823 934 1870 et

171 1904 342 1964 destrueret.
353 1910 389 1961 at
400 1923 491 1981 quum
504 1903 554 1961 vix
563 1903 593 1961 in
602 1914 732 1960 montem
744 1901 933 1980 pervenisset,

171 2004 342 2070 conspectus
354 2012 370 2050 a
384 2003 476 2050 matre
488 2003 517 2050 et
531 1989 706 2062 materteris,
717 2009 782 2068 quae
796 2009 861 2048 cum
873 1989 935 2048 aliis

172 2080 311 2158 impetum
325 2081 354 2138 in
366 2099 431 2138 cum
443 2077 602 2156 faciebant,
610 2076 672 2156 jam
681 2079 823 2137 intellexit
834 2098 895 2137 rem
904 2099 935 2137 se

158 2169 279 2230 ¹habere
294 2191 360 2229 eum
378 2169 546 2229 mulieribus
558 2170 669 2228 insania
687 2169 844 2250 correptis,
864 2189 935 2247 quas
1004 2221 1010 2235 ,

172 2277 230 2316 non
243 2256 315 2315 adeo
331 2257 415 2316 facile
430 2270 505 2317 esset
516 2257 674 2316 continere.
686 2263 750 2318 Jam
768 2259 864 2336 fugam
878 2277 936 2317 me·

172 2343 358 2422 ditatur,jam
374 2346 410 2404 de
423 2346 514 2404 salute
533 2359 576 2403 cst
595 2347 745 2404 sollicitus.
767 2346 936 2425 Fugientem
979 2397 1054 2480 παρὰ
1073 2397 1103 2456 τὸ
1125 2395 1241 2476 μύστης,
1261 2401 1337 2457 τοῦτο
1352 2395 1543 2481 παρὰτὸμῦω
1568 2399 1608 2457 Οὐ
1626 2391 1747 2475 mv„

174 2447 412 2514 persequuntur,
441 2445 611 2512 correptum
640 2434 788 2494 hostiliter
817 2448 935 2513 petunt,

174 2523 304 2584 membra
313 2521 502 2601 abrumpunt,
515 2523 610 2600 ipsum
622 2524 770 2584 dilaniant.
781 2531 846 2596 Quo
860 2525 935 2584 sacto

173 2612 210 2672 ad
233 2613 407 2671 sedatiorem
424 2623 551 2669 mentem
574 2611 732 2672 redeuntes
753 2633 782 2672 et
806 2612 837 2671 id
858 2613 935 2691 quod

971 522 1028 581 lam
1043 523 1141 598 relata,
1163 527 1253 601 Imsg.
1269 527 1301 599 1,
1314 541 1345 602 p.
1368 541 1425 601 79⁰
1441 523 1496 584 :At
1519 519 1680 593 δίξσίνωσι
1701 521 1733 584 sb
1798 516 1799 600 1

973 609 1091 692 ύήραμα,
1106 610 1195 694 μήτηρ
1207 609 1293 684 ἐκείνη
1307 609 1352 671 καὶ
1369 609 1478 694 ἀδελφαί
1496 610 1612 694 μητρὸς,
1636 612 1665 672 nl
1685 611 1732 690 μίν
1799 673 1800 680 ,

973 700 1172 781 ἀπορρηγνῦσσι
1192 697 1241 766 τὰς
1258 703 1390 782 palpitasti
1403 697 1432 758 dl
1452 701 1591 760 ίττισιτῶσα
1615 697 1661 760 τὸν
1679 696 1732 759 ctis

166 839 301 917 AEscbylo
314 859 406 898 causae
422 837 773 908 fuerit,eurhocncmen
787 835 928 913 tragoediae
973 788 1735 895 imumDemdffinhuncffl'foe‘mn‘'mpetum
1801 847 1802 850 ¹

989 791 1007 807 Ν

975 902 1077 941 insano
1097 883 1219 942 concitae
1240 895 1321 942 motu
1337 882 1428 942 missis
1442 883 1548 961 thyrsis
1558 883 1638 943 omni
1651 881 1735 942 turba

975 990 1041 1029 cum
1053 970 1164 1030 facibus
1173 971 1203 1029 in
1214 990 1304 1029 unum
1315 981 1427 1042 ruente,
1436 971 1466 1029 id
1482 970 1561 1049 quod
1577 970 1736 1048 fragmento

974 1059 1053 1139 apud
1078 1060 1223 1118 Pollucem
1250 1071 1294 1119 est
1315 1060 1477 1137 expositum
1496 1061 1549 1140 (X,
1574 1057 1658 1136 ax7l:
1682 1055 1736 1124 'rh
1803 1051 1805 1144 1

976 1146 1219 1293 ρίίντορλλαμπύδας
1231 1145 1277 1208 καί
1295 1147 1417 1226 κάμακας
1433 1145 1535 1228 είρηιιιν
1547 1148 1575 1206 br
1596 1143 1737 1228 Ξαντρίαις

1014 1257 1063 1314 equ
1080 1254 1115 1301 ος·

977 1371 1064 1452 [206]
1091 1371 1238 1465 Κύμακες
1254 1373 1364 1453 πεύκης
1384 1372 1412 1441 οἱ
1428 1370 1635 1466 πυρίφλεκτοι.

978 1500 1066 1560 Aliud
1079 1513 1122 1559 est
1134 1503 1326 1580 fragmentum
1333 1501 1411 1581 apud
1419 1501 1608 1564 Scholiastam
1614 1499 1740 1576 AEscbyli

978 1590 1013 1648 ad
1025 1590 1177 1649 Eumenid.
1188 1603 1236 1661 at,
1247 1610 1351 1670 exque
1362 1590 1499 1650 discimus
1507 1589 1667 1650 Pentheum
1680 1607 1740 1648 esse

978 1679 1009 1738 in
1037 1678 1201 1738 eirhaerone
1230 1677 1415 1759 discerptum.
1443 1675 1556 1738 Scribit·
1585 1677 1662 1736 enirn
1693 1675 1741 1735 ille

979 1767 1010 1825 in
1028 1764 1107 1825 hunc
1132 1766 1249 1826 modum
1260 1790 1266 1824 ε
1278 1765 1361 1850 [aot]
1377 1769 1435 1828 tus
1450 1761 1529 1848 ρἠσλν
1549 1766 1576 1823 ἐν
1591 1765 1742 1847 Παρνασσῷ

980 1845 1091 1916 εἶναιτὰ
1103 1856 1171 1917 κατὰ
1184 1856 1297 1916 Πενθέα.
1308 1857 1356 1917 Ἐν
1374 1853 1402 1914 δὲ
1414 1863 1472 1922 ταῖς
1489 1853 1631 1936 Ξαντρίαις
1645 1857 1672 1914 ἔν
1687 1855 1742 1914 Κι-

980 1947 1095 2028 θαιρῶνι.
1112 1953 1254 2006 Praeterea
1272 1953 1297 2005 si
1318 1946 1526 2026 fragmentum,
1540 1945 1618 2023 quod
1637 1943 1745 2022 legitur

979 2045 1011 2102 in
1025 2042 1226 2121 Etymclogicc
1245 2047 1351 2121 Magno
1365 2065 1394 2123 p.
1414 2043 1481 2121 595,
1494 2044 1542 2118 36,
1553 2041 1682 2118 AEscbyli
1692 2053 1744 2115 est,

981 2146 1101 2192 matrem
1116 2131 1204 2192 credo
1216 2132 1273 2190 dici
1286 2134 1377 2211 ipsam
1389 2153 1434 2208 se,
1448 2146 1602 2212 postquam
1613 2151 1650 2190 ex
1663 2131 1744 2189 insa·

982 2242 1030 2280 ma
1048 2221 1181 2302 resipuit,
1196 2240 1353 2294 accusasse,
1365 2221 1445 2300 quod
1459 2222 1519 2280 filio
1534 2220 1682 2280 interitum
1697 2231 1744 2278 at-

981 2310 1090 2371 tulerit.
1112 2313 1188 2369 Sunt
1203 2323 1301 2368 autem
1318 2309 1408 2369 verba
1430 2311 1472 2369 ita
1489 2309 1595 2388 scripta
1613 2331 1620 2367 ι
1644 2306 1746 2373 feldun<

981 2483 1033 2546 tat
1049 2483 1194 2566 βαρυτύνυυ
1208 2483 1308 2566 γίνεται
1319 2489 1355 2554 είς
1369 2511 1377 2544 ι
1388 2481 1562 2568 παρώνυμον,
1573 2476 1626 2544 οἷον
1639 2481 1746 2555 πλανύ-

980 2597 1028 2646 ἰηι
1051 2576 1195 2647 πλανῆτις·
1222 2572 1290 2633 ἀλλὰ
1306 2574 1351 2635 καὶ
1367 2573 1420 2634 tet
1438 2572 1574 2643 ὀξυτύνου·
1602 2563 1656 2633 οἷον
1669 2571 1748 2654 ύὸρι-
1821 2598 1822 2652 γ

173 2701 312 2780 gesserint
329 2699 529 2760 abominantes
549 2699 874 2780 deflentinteremptum
890 2723 937 2761 re·-
982 2661 1747 2745 πίςὕδριπῑςάἶχίίητίςαἷχμητιῧβουλωτήςβώλωτις

175 2810 253 2868 gem,
270 2801 300 2848 at
313 2788 418 2848 talibus
434 2788 588 2848 admonitae
605 2791 747 2869 exemplis
763 2811 837 2850 nova
855 2811 938 2850 sacra

175 2878 300 2955 obeunt,
315 2891 437 2957 turaque
455 2877 524 2936 dant
545 2877 666 2938 flammis
687 2893 855 2960 sanctasque
875 2903 938 2942 aras

175 2967 283 3026 colunt.

212 3059 381 3131 Fragmenta
407 3072 582 3130 quamquam
612 3073 705 3131 pauca
732 3069 818 3130 sunt,
842 3067 937 3115 tamen

175 3142 316 3220 egregiam
343 3140 469 3217 AEsehyli
490 3153 582 3198 artem
608 3142 760 3218 produnt,
787 3145 837 3222 qni
861 3144 940 3222 quod

177 3250 261 3289 nemo
281 3242 349 3288 ante
367 3229 491 3299 fecerat,
509 3233 651 3288 Furorem
676 3231 858 3306 introduxit,
882 3253 940 3312 quo
990 3271 994 3284 ·

175 3329 344 3398 argumento
356 3315 496 3394 majorem
507 3318 677 3395 gravitatem
691 3320 866 3399 imponeret.
875 3325 941 3393 Qua

175 3406 263 3466 dere
286 3405 415 3466 Suidas:
440 3401 613 3476 Ὀνιτύιπουν,
638 3409 766 3489 Κρατῖνος
788 3407 939 3493 Θρᾴτταις,

175 3490 329 3554 Ὀιιτώστουυ
345 3491 493 3574 ἀνεγείρεις·
513 3492 570 3552 ἀντὶ
584 3498 629 3554 τοῦ
642 3495 774 3579 σκορπίον.
801 3497 940 3579 Παροιμία

175 3578 235 3662 γὰρ,
247 3579 377 3663 Σκορπίον
388 3578 522 3641 ύκτύκτουν
536 3581 680 3666 ἀνεγείρεις.
693 3581 774 3669 [205]
785 3584 832 3646 Ἐν
842 3585 869 3646 dl
883 3594 941 3654 ταῖς

175 3668 307 3750 Αίσχύλου
319 3668 459 3752 Ξαντρίαις
472 3675 489 3744 ἡ
506 3669 600 3732 Λύσσα
613 3672 791 3742 ἐπιθειάζουσα
800 3683 858 3744 ταῖς
866 3674 941 3736 Βύκ-

173 3756 346 3839 χαις-φησίν·

500 3869 548 3948 Ex
562 3871 665 3948 ποδῶν
689 3871 716 3947 d'
733 3877 796 3948 οἵνω

228 3984 390 4072 ὑπέρχεται
409 3986 587 4078 σπαραγμὸς
604 3985 643 4064 εἰς
666 3981 756 4079 ἄκρον
776 3991 855 4079 κάρα

230 4085 367 4177 κίντημα
384 4089 540 4180 γλώσσης,
562 4091 704 4184 σκορπίου
722 4094 808 4177 βέλος
820 4095 912 4185 λέγω.

178 4219 221 4278 Ex
241 4220 298 4278 hoc
317 4220 478 4300 fragmento
501 4224 655 4300 discimus,
679 4227 778 4286 furore
798 4229 941 4302 Bacchas,

177 4324 235 4364 non
249 4306 426 4383 Pentheum,
444 4323 477 4368 ut
496 4312 614 4389 quidam
635 4314 851 4388 existimarunt,
874 4335 940 4374 eor-

177 4408 274 4475 reptas
300 4397 471 4476 easdemque
501 4400 589 4459 fuisse
619 4403 682 4461 illas
708 4403 856 4474 Xantrias,
878 4423 942 4481 quae

176 4485 336 4544 Pentheum
358 4485 543 4548 dilaniarunt.
561 4491 648 4562 Quod
671 4492 839 4550 confirmant
857 4493 942 4551 etiam

177 4571 341 4634 Philostrati
357 4575 448 4636 verba
460 4577 496 4636 ab
506 4579 641 4639 Elmsleio
662 4579 699 4639 ad
711 4593 838 4639 nostram
854 4580 942 4640 fabu-

526 4755 593 4808 205.

580 4852 604 4907 Α
618 4850 735 4924 pedibus
748 4867 812 4909 vero
828 4869 936 4910 sursum

230 4921 306 4980 subit
314 4927 455 4984 convulsio
465 4927 494 4984 in
502 4944 640 4986 summum
650 4939 744 5004 caput,

230 5004 405 5075 compunctio
418 5005 536 5080 linguae,
553 5007 653 5081 scorpii
663 5009 750 5065 telum
759 5007 831 5066 dico.

230 5193 344 5254 Perticae
353 5195 432 5255 taeda
442 5197 498 5271 igni
512 5115 634 5260 abibae
643 5199 831 5260 circumcirca.

1036 2788 1119 2874 {208}
1142 2784 1247 2860 Τῶνδε
1271 2793 1553 2880 pacientissime,

983 2919 1010 2977 fv
1020 2927 1076 2984 ταῖς
1087 2919 1238 3000 Ξαντρίαις.
1253 2925 1288 2979 ln
1301 2941 1361 2999 quo
1374 2935 1469 2980 tamen
1480 2940 1539 2979 non
1552 2919 1673 2979 dixerim
1687 2919 1747 2978 haec

984 3026 1046 3065 esse
1059 3012 1165 3086 Agavae
1177 3007 1282 3084 verba,
1299 3011 1466 3088 quinetiam
1481 3008 1557 3068 illius
1570 3029 1632 3067 esse
1641 3021 1747 3086 potue-

986 3107 1070 3170 runt,
1088 3116 1152 3173 quae
1165 3117 1229 3155 cum
1243 3098 1292 3158 illa
1307 3096 1554 3157 confabulabatur.
1578 3097 1690 3156 Deinde
1703 3098 1748 3155 vi-

986 3183 1072 3242 detur
1093 3185 1195 3243 Furias
1214 3188 1394 3261 nominasse,
1413 3207 1475 3266 quaa
1496 3185 1603 3244 caeilem
1622 3185 1748 3244 immissa

986 3273 1096 3332 insania
1110 3273 1260 3334 effecerint
1279 3275 1389 3356 (Galen.
1405 3277 1470 3335 loco
1492 3295 1579 3354 supra
1591 3275 1623 3332 in
1649 3274 1747 3353 fragm.

988 3368 1042 3428 σοι
1060 3360 1177 3441 citato):

986 3499 1068 3584 1²⁰9]
1085 3488 1129 3584 he
1143 3507 1212 3574 ούτε
1230 3503 1345 3602 adpeti
1358 3506 1442 3584 ἡλίου
1455 3499 1673 3602 προσδέρκεται

1041 3630 1105 3696 οὔτ’
1122 3629 1296 3724 ἀστερωπὸν
1315 3633 1401 3726 ὅρμα
1413 3635 1543 3721 Λητῴας
1558 3633 1660 3726 κόρης.

987 3777 998 3854 ζ
1006 3774 1124 3836 Photius
1137 3797 1167 3856 p.
1181 3787 1237 3856 ²¹⁰9
1246 3823 1255 3854 ,
1265 3779 1325 3839 'roz
1337 3777 1458 3862 Πίμριξ,
1477 3775 1554 3850 πνοή.
1570 3775 1703 3858 Αἰσχύλος
1724 3780 1748 3837 ἐν

987 3861 1129 3945 Ξαντρίαις
1138 3865 1243 3927 ἐπὶτῶν
1256 3867 1389 3948 ἀκτίνων.)
1402 3872 1534 3928 Ceterum
1545 3866 1749 3925 conferendum

987 3963 1030 4008 est
1042 3952 1247 4032 fragmentum,
1261 3958 1340 4036 quod
1357 3959 1386 4016 in
1400 3956 1548 4016 Potniensi
1564 3957 1675 4014 Glauco
1696 3975 1749 4034 pc·

987 4040 1131 4122 suimusp.
1147 4047 1212 4122 196,
1219 4047 1378 4124 fragm‘91,
1389 4067 1448 4126 quo
1458 4058 1524 4105 sunt
1533 4045 1583 4123 qui
1591 4043 1748 4104 Pentheum

989 4139 1134 4206 tamquam
1160 4152 1177 4190 a
1201 4133 1277 4211 lupis
1296 4134 1465 4194 dilaniatum
1490 4131 1615 4193 describi
1638 4143 1749 4211 putent.

986 4218 1031 4275 De
1044 4217 1172 4296 AEschyli
1181 4220 1278 4282 verbis
1289 4241 1336 4301 ap.
1344 4221 1566 4302 Aristophanem
1572 4225 1645 4282 Rau.
1660 4225 1748 4290 1344:

1041 4347 1121 4435 [κιο]
1139 4344 1266 4433 Νύμφαι
1281 4341 1481 4436 ὀρεσσίγονοι,

988 4503 1085 4550 narrat
1099 4488 1267 4562 Scholiasta,
1280 4491 1311 4547 ἐκ
1325 4491 1377 4546 τῶν
1392 4489 1528 4570 Ξαντριιῒιν
1545 4483 1679 4567 Αἰσχύλου
1699 4483 1749 4565 (sic

988 4579 1102 4638 codices
1116 4591 1237 4652 veteres,
1254 4599 1312 4636 uon
1324 4577 1487 4658 Εὐριπίδου),
1498 4573 1576 4659 φησίν
1588 4571 1749 4649 Ἀσκληπιέ,

1104 4825 1210 4880 Horum
1225 4755 1540 4879 laborudrbhbsiliatrix.

1033 4972 1308 5046 Quasneqneradius
1317 4905 1520 5045 sdiidadspiclt,

1033 5069 1122 5129 neque
1131 5055 1258 5113 stellatus
1267 5054 1365 5114 oculus
1374 5059 1468 5114 Leton
1477 5051 1552 5114 fllia.

1069 5208 1202 5281 Nympha
1219 5137 1404 5282 inumontilids‘
1415 5211 1496 5264 natu.
