3656 5798
216 275 271 328 tto·

764 263 938 324 AESClll'Ll
959 263 1210 325 FRAGMENTA.

214 400 291 460 eninr
315 399 402 458 nulla.
429 401 469 458 dc
496 398 624 456 nescitur
647 397 749 469 etiam,
773 417 810 457 au
834 397 898 471 illa,
913 415 978 473 quae
1021 417 1107 473 γουσι.
1120 401 1155 454 Et
1173 396 1269 475 paullo
1285 397 1466 480 ροειιΤαραὶ
1480 397 1508 458 δὲ
1519 401 1571 458 τῶν
1581 397 1629 479 pla
1644 399 1786 458 τολλόνθτ

214 500 356 546 memorat
369 487 526 547 Scholiasta
543 485 660 546 Pindari
683 487 713 544 in
728 486 900 565 praelatione
915 491 976 545 Ne-

214 596 355 651 meorum,
365 577 394 636 in
404 577 635 636 Nemealueriut.
645 575 835 653 Hujusverba
845 575 979 634 baecsunt

213 666 255 746 (p.
270 676 325 736 l²l
346 678 375 726 et
391 666 447 736 425
462 665 508 725 ed.
526 666 653 742 Boeckh.)
667 687 674 723 ε
689 662 771 750 [teo]
779 663 938 746 Ἀμφιάραος
951 661 979 722 δὲ

213 752 315 822 τούτοις
340 754 531 834 μαντευόμενος
556 752 713 836 Ἀρχέμορον
741 753 817 813 αὐτὸν
840 750 978 824 ἐκάλεσεν,

215 841 255 904 ὅτι
270 847 355 912 αὐτοῖς
369 843 439 926 ἀρχὴ
455 843 537 927 μύρου
549 841 650 922 ἐγένετο
664 847 677 902 θ
691 849 735 904 τού
750 843 848 910 παιδθςΔ
858 841 978 930 θάνατος,

214 933 255 1016 ὐφ’
269 925 291 1018 ᾧ
304 932 350 992 καί
362 931 406 993 τθν
421 936 510 1012 ἀγῶνα
529 932 653 1006 διέθηκαν
667 932 715 1005 τὴν
726 931 878 1015 Ὑψιπύλην
891 953 979 1012 παρα-

214 1022 382 1102 μυθούμενοι.
392 1022 483 1084 Ἄλλοι
493 1067 500 1093 ,
511 1013 547 1082 dtu
563 1022 618 1082 ἐστὶ
631 1019 676 1082 καλ
686 1021 832 1102 Αἰσχύλος,
844 1021 979 1102 ἐπ’Ἇρχε-

213 1111 287 1194 μύρῳ
300 1115 339 1194 τῷ
352 1110 457 1192 Νεμέας
470 1110 546 1171 παιδί
561 1112 651 1193 [φασιν
665 1110 774 1190 άχεσθαι
787 1111 820 1170 τά
832 1109 944 1189 Νέμεα].

251 1261 296 1316 De
320 1256 403 1314 tertia
426 1252 563 1333 tragoedia
586 1253 665 1312 varie
693 1252 871 1332 disputatum
896 1261 939 1306 est
963 1267 980 1306 a

212 1345 283 1404 viris
290 1344 394 1407 doctis.
409 1340 785 1404 Hermannusmemorabile
795 1342 844 1415 ait,
856 1339 934 1419 quod
950 1339 980 1396 in

212 1440 331 1514 Septem
344 1434 410 1494 adv.
424 1433 538 1493 Thebas
553 1445 658 1511 pretet·
672 1435 890 1492 fratres-mutua
903 1429 979 1489 caede

211 1525 323 1584 occisos
337 1524 443 1582 nullius
458 1523 635 1601 reliquorum
648 1523 753 1581 ducum
768 1522 903 1580 interitus
917 1541 979 1578 me-

214 1626 364 1690 moretur,
394 1633 448 1672 nec
475 1611 583 1671 bellum
614 1613 808 1692 profligatum,
835 1609 885 1670 sed
910 1609 979 1668 urbs

212 1715 325 1763 tautum
340 1703 456 1782 repulsa
475 1703 566 1781 prima
580 1701 708 1761 bostium
722 1701 885 1780 irruptione
902 1700 979 1758 salva

210 1810 272 1852 esse
291 1792 649 1871 videatur.1taquenova
670 1792 807 1872 tragoedia
824 1809 898 1868 opus
918 1809 979 1846 esse

211 1894 318 1952 censet,
329 1883 359 1940 in
370 1901 427 1961 (qua
440 1881 488 1940 illa
502 1881 644 1957 explicata
653 1881 769 1953 fuerint,
778 1879 865 1958 idque
872 1876 980 1956 proba-

211 1971 237 2031 ri
245 1971 407 2049 lragmento
419 1971 448 2029 in
460 1969 584 2047 Etymol.
594 1971 698 2048 lllagno
710 1993 738 2052 p.
747 1973 783 2040 31,
792 1972 853 2043 ι,6;
864 1967 979 2038 ’Evalu-

211 2084 266 2134 σια,
281 2061 415 2134 εὐκίνητοι.
429 2059 485 2122 Καί
492 2059 586 2132 ἤλυσιν
596 2058 643 2134 riv
656 2059 767 2122 θλευσιν.
779 2056 863 2140 [191]
877 2057 979 2138 Αἰσχύ-

211 2148 427 2233 λοςίνἏργιίοις·
443 2149 604 2217 «Καπανεύς
617 2173 667 2229 μου
680 2148 868 2211 καταλείπεται
880 2147 979 2216 λοιποῖς

210 2239 351 2323 θιιέραυνος
372 2237 489 2321 άρούρων
512 2239 660 2313 ἔπηλυσίων
672 2239 828 2300 ἀπέλιπεν·
851 2239 887 2298 Οἱ
904 2236 932 2296 δὲ
945 2235 979 2296 τά

210 2328 438 2414 κατασκηρθέντα.
459 2328 553 2398 Oleros
564 2332 600 2397 εἷς
610 2330 641 2391 τὸ
656 2331 802 2414 ῥητορικόν.
816 2332 862 2396 Εἰς
882 2329 909 2390 δὲ
921 2327 980 2398 τούς

209 2419 382 2499 ίτυμολάγους
394 2409 477 2502 εὐρον,
494 2419 559 2488 sled
573 2420 697 2503 κεραυνὸς
715 2420 886 2493 είσύέύηκεν,
903 2418 979 2480 δκαλ

1024 484 1188 567 Ἐλευθεραῖς
1205 482 1360 560 δείκνυνται,
1373 487 1426 544 τῶν
1437 485 1464 546 δὲ
1476 487 1612 568 ἡγεμόνων
1626 483 1689 570 περὶ
1698 485 1788 546 Ἐλευ-

1023 585 1100 649 σῖνα,
1125 575 1171 635 καί
1193 582 1271 637 τοῦτο
1301 573 1413 649 Θησέως
1438 576 1572 661 Ἀδράστῳ
1597 576 1786 660 χαρισαμένου.

1025 671 1264 750 Καταμαρτυροῦσι
1280 665 1308 726 di
1328 670 1380 727 τῶν
1399 667 1543 750 Εὐριπίδου
1555 667 1691 729 Ἱκετίδων
1706 665 1753 728 καί
1767 673 1787 727 oi

1023 755 1157 839 Αἰσχύλου
1170 757 1346 830 Ἐλευσίνιοι,
1363 759 1390 817 ἐν
1401 747 1439 826 οἷς
1452 764 1535 819 ταῦτα
1550 757 1635 838 λέγων
1651 763 1665 818 θ
1686 757 1788 832 Θησεύς

1023 845 1174 916 πεποίηται.

1063 935 1199 994 Dubitari
1228 948 1321 996 tameo
1349 949 1446 1016 potest
1474 957 1511 997 an
1545 937 1688 997 Eleusinii
1727 957 1788 994 cum

1025 1027 1140 1102 Septem
1171 1024 1308 1103 conjungi
1335 1045 1393 1084 non
1425 1026 1584 1105 potuerint.
1613 1030 1691 1086 Nam
1726 1026 1789 1084 satis

1024 1113 1150 1172 ostendit
1174 1113 1236 1172 linis
1265 1115 1410 1192 tragoediae
1436 1117 1583 1193 Polynicis
1609 1116 1788 1194 sepulturam

1024 1203 1200 1282 exspectari,
1220 1224 1279 1263 non
1299 1205 1429 1280 illorum,
1452 1206 1502 1284 qui
1520 1204 1597 1264 bello
1616 1205 1685 1264 caesi
1703 1216 1789 1262 erant

1024 1294 1059 1352 lli
1072 1293 1110 1352 ab
1125 1293 1263 1372 Epigonis
1277 1294 1383 1372 sepulti
1397 1306 1464 1353 sunt
1478 1294 1588 1354 Thebis
1605 1294 1789 1372 expugnatis.

1025 1387 1126 1459 ltaque
1157 1383 1340 1460 perspicuum
1364 1395 1408 1440 cst
1428 1381 1538 1460 justum
1561 1383 1645 1442 linear
1679 1382 1790 1460 imponi

1023 1473 1148 1550 antiquae
1163 1470 1279 1544 labulae,
1295 1473 1319 1530 si
1330 1473 1380 1531 illa
1391 1473 1591 1551 explicentur,
1609 1491 1676 1550 quae
1689 1471 1727 1528 ad
1741 1477 1789 1530 Po·

1024 1560 1146 1637 lynicem
1160 1561 1334 1639 pertineant.
1347 1567 1417 1621 Jurc
1430 1562 1518 1639 igitur
1529 1561 1700 1620 Welclserus
1711 1562 1789 1619 Eleu-

1023 1651 1112 1708 sinios
1138 1650 1173 1708 ab
1202 1649 1251 1708 illa
1278 1651 1392 1729 trilogia
1422 1652 1555 1710 removit.
1585 1655 1691 1729 Neque
1725 1669 1790 1709 vero

1023 1741 1186 1797 Phoeuissas
1201 1759 1267 1796 cum
1280 1743 1396 1820 Septem
1418 1741 1636 1819 conjunxerim,
1655 1741 1729 1818 quia
1746 1741 1789 1798 in-

1024 1831 1130 1889 certior
1158 1832 1235 1890 sama
1263 1830 1349 1909 hujus
1373 1831 1518 1909 tragoediae
1545 1844 1610 1908 est,
1641 1851 1735 1911 quam
1762 1845 1790 1890 ut

954 1964 961 1987 ,
1023 1920 1179 1999 quidquam
1196 1921 1232 1979 de
1243 1943 1276 1980 ea
1289 1922 1347 1980 dici
1359 1923 1459 2001 possit.
1474 1926 1576 2000 Itaque
1587 1927 1791 1995 Hermannus,

1024 2009 1151 2082 Quiane
1168 2023 1280 2069 certum
1299 2010 1416 2089 quidem
1433 2022 1491 2090 est,
1513 2012 1624 2089 inquit,
1640 2012 1790 2090 scripsisse

1023 2099 1191 2177 AEschylum
1214 2099 1382 2179 tragoediam
1403 2118 1468 2177 quae
1490 2099 1567 2158 dicta
1591 2100 1681 2160 luerit
1705 2101 1790 2160 Pboe-

1023 2189 1116 2248 nissae.
1128 2194 1199 2248 Natu
1215 2203 1408 2268 praeterquam
1427 2189 1506 2267 quod
1523 2189 1593 2248 illud
1612 2209 1725 2248 nomen
1736 2210 1790 2248 non

1023 2281 1107 2339 estin
1118 2279 1216 2338 iudice
1234 2279 1409 2352 fabularum,
1430 2281 1549 2352 Pollux,
1563 2281 1614 2358 qui
1628 2281 1712 2340 solus
1732 2301 1791 2340 eam

1025 2384 1180 2444 memorat,
1202 2391 1291 2450 quum
1309 2371 1429 2429 omnino
1454 2389 1513 2428 non
1536 2371 1667 2450 optimus
1690 2383 1791 2430 auctor

1023 2472 1078 2534 cst,
1102 2472 1164 2519 tum
1186 2461 1242 2519 hoc
1267 2461 1297 2520 in
1321 2460 1486 2520 testimonio
1508 2461 1572 2539 ipse
1596 2480 1678 2520 suam
1708 2461 1790 2520 fidem

209 2510 358 2571 ἀνατίθεται
382 2510 426 2571 Διί
452 2510 601 2593 καταιύάτῃ
623 2510 671 2574 καί
693 2510 800 2592 λέγεται
825 2506 908 2571 άδυτα
933 2511 979 2571 καί

208 2596 305 2702 θύοιτο.
330 2601 498 2662 Welclerus
518 2601 556 2661 ab
578 2603 716 2681 AEscbylo
729 2603 871 2681 scriptum
888 2615 977 2681 puta-

210 2700 253 2746 Ἧι
265 2733 272 2746 ·
327 2759 469 2848 Καπανεὺς
480 2777 529 2859 μὲν
540 2780 730 2841 καταλείπεται

223 2917 226 2922 .
326 2866 429 2936 λοιύαῑς
443 2865 461 2926 θ
474 2869 599 2951 κεραυνὸς
612 2868 729 2952 άρούρων
779 2915 788 2932 .

328 2954 473 3028 δνηλυσίιυν
490 2959 612 3019 ἀπέλιπε.

1023 2548 1125 2608 elevat.
1139 2550 1248 2610 Scribit
1263 2551 1311 2609 ille
1322 2553 1391 2623 VII,
1407 2571 1442 2628 91
1458 2572 1464 2608 :
1478 2545 1508 2609 “A
1526 2547 1555 2608 δδ
1569 2547 1665 2610 πόδεια
1678 2549 1790 2632 Κριτίας

1022 2639 1118 2710 καλεῖ,
1142 2638 1195 2698 else
1211 2639 1304 2708 πίλους
1325 2637 1391 2698 αὐτὰ
1411 2637 1511 2708 οἰητέον
1528 2637 1581 2699 εἴτε
1596 2639 1791 2720 περιειλήματα

1022 2729 1126 2802 ποδῶν,
1151 2735 1236 2788 ταῦτα
1260 2727 1392 2812 πέλυντρα
1415 2730 1491 2788 καλεῖ
1508 2731 1535 2788 ἐν
1554 2727 1716 2795 Φοινίσσαις
1741 2730 1791 2790 Αί-

1022 2816 1132 2898 σχύλος,

1022 2955 1105 3034 [192]
1124 2955 1272 3046 Πέλυντρ“
1293 2954 1410 3046 ἔχουσιν
1429 2953 1560 3032 εὐθέτοις
1580 2955 1610 3020 έν
1630 2947 1787 3048 άρύυλιιις.

208 3073 278 3146 Quae
304 3070 410 3148 quibus
433 3074 572 3144 numeris,
589 3075 629 3132 ait
645 3078 840 3147 Hermanaus,
864 3094 978 3152 quaque

208 3159 347 3217 sententia
368 3179 429 3218 esse
443 3161 583 3236 volucrit,
607 3184 638 3222 se
655 3164 792 3241 expedire
809 3183 867 3221 non
882 3183 975 3242 posse.

210 3254 249 3308 llo
263 3250 418 3328 proposuit
435 3249 540 3309 deinde
552 3256 735 3312 Hermannus
749 3253 830 3311 baec:

1022 3093 1121 3153 Codex
1140 3093 1287 3152 Palatinus
1308 3094 1454 3152 omittitis
1471 3091 1628 3160 Φοινίσσαις
1648 3093 1786 3172 [«Desunt

1022 3185 1052 3242 in
1077 3188 1137 3243 MS.
1158 3185 1185 3243 ἐν
1200 3180 1355 3252 Φοινίσσαις
1372 3195 1401 3242 et
1424 3203 1527 3243 versus
1545 3183 1607 3260 ipse
1631 3184 1786 3261 AEschyli.·

1021 3277 1037 3332 J
1040 3271 1185 3350 uugcrm.]
1199 3272 1255 3332 Sed
1268 3273 1321 3331 etsi
1336 3271 1414 3330 idem
1427 3273 1530 3332 Pollux
1541 3272 1602 3331 baec
1618 3275 1786 3332 confirmare

1021 3360 1136 3421 videtur
1147 3365 1190 3432 11,
1205 3363 1269 3438 196,
1280 3359 1332 3420 ubi
1344 3361 1433 3420 dicit:
1447 3360 1502 3421 Καὶ
1514 3361 1609 3420 ποδεῑα
1619 3359 1649 3419 δέ
1659 3359 1719 3428 τούς
1732 3358 1793 3442 περί.

261 3483 423 3562 Καπανεὺς
443 3479 498 3575 μὲν
517 3478 552 3550 iu
574 3483 640 3552 ἀλλ’
657 3485 766 3561 θπέτας
784 3487 902 3562 λοιποῖς
1019 3448 1401 3601 ἶὲζὲἱωὲπίέἰυςξξῑὲζὲξ
1411 3448 1784 3611 ’ζῦέἑλῗοῖἓᾚζᾙχ

260 3589 423 3683 ἄκίίαυνον
445 3585 574 3685 ἄρουραν
594 3587 753 3665 linium
1020 3629 1159 3703 scribens,
1169 3585 1200 3689 ’ll
1214 3560 1353 3687 δίρθπεῐναι
1365 3561 1415 3704 θεέ,
1428 3560 1518 3703 added:
1532 3627 1634 3700 πίλους,
1646 3627 1783 3709 πέλυντρα·

260 3697 415 3766 &EQU-
471 3708 481 3730 ‘
1020 3718 1088 3780 ούτω
1108 3717 1158 3800 γάρ
1174 3719 1311 3800 Σοροκλῆς
1333 3715 1367 3776 τδι
1389 3715 1472 3778 πθδια
1493 3718 1578 3777 καλεῖ.
1601 3721 1675 3777 Tam
1699 3718 1783 3779 dubia

210 3824 328 3885 Adrasti
344 3825 405 3884 haec
421 3823 510 3884 verbe
532 3845 594 3884 esse
609 3825 669 3898 vel,
691 3825 714 3883 si
735 3813 812 3884 ideni
833 3824 977 3903 tragoediae
1020 3811 1085 3889 (ΙιΙίε
1099 3809 1203 3880 ⁰0⁰2⁵l
1217 3807 1313 3866 sabula
1326 3807 1561 3868 “Memmium
1574 3820 1629 3881 0⁵⁸2
1645 3828 1682 3868 0¹
1696 3809 1782 3884 thi·

211 3927 412 3992 argumentum
426 3916 513 3974 fuerit
527 3916 607 3994 quod
624 3915 771 3993 Euripidis
789 3915 974 3995 supplicum,
1019 3900 1097 3958 ”lehi
1127 3898 1222 4000 POEJE
1250 3897 1404 3959 Phoenlssls
1427 3910 1542 4000 ⁵¹¹U¹¹¹Pl³
1567 3916 1631 3957 ⁰⁵⁵0
1656 3899 1782 3997 ⁵¹¹⁵Pl0?

210 4002 336 4061 Euadn„
351 4015 443 4081 putat,
461 4009 506 4063 De
523 4005 685 4082 argumenti
704 4004 821 4082 quidem
836 4006 976 4064 similitu.
1020 4001 1079 4058 tur,
1096 3989 1126 4046 in
1144 3985 1249 4065 quibus
1268 3987 1359 4046 multo
1384 3986 1553 4046 credrbrlrus
1566 3999 1610 4046 est
1624 4007 1741 4047 versum
1753 3984 1782 4042 rl·

212 4091 280 4150 dine
302 4089 428 4150 dubitari
448 4113 507 4152 non
530 4113 616 4172 posse
643 4095 804 4168 existimat;
830 4095 871 4154 sic
899 4095 975 4154 enirn
1019 4076 1078 4134 lum
1097 4077 1224 4155 P⁰⁵ll¹¹m
1249 4074 1335 4177 sulm
1358 4094 1445 4154 ‘luam
1458 4075 1489 4133 δη
1507 4074 1605 4134 sabuli
1619 4073 1728 4153 ΟΕῶΡἰ
1741 4090 1782 4133 ‘⁶⁵

210 4181 327 4240 demum
338 4179 450 4258 justum
471 4182 559 4242 rebus
578 4184 663 4241 finem
681 4185 811 4263 imponi,
827 4185 851 4244 si
873 4186 975 4265 sepul·
1021 4167 1181 4224 imiimi?
1194 4169 1261 4225 ΗΜ
1278 4177 1317 4222 ¹²³
1331 4168 1521 4224 Hermam·

208 4283 280 4330 turae
292 4269 484 4344 traderentur,
492 4274 543 4350 qui
554 4273 584 4330 in
595 4271 672 4332 bello
683 4276 747 4333 caesi
759 4288 861 4336 essent.
873 4281 975 4355 ltaque
1341 4309 1448 4328 -ο-

208 4359 375 4442 tragoediam
383 4368 536 4424 Eleusinios
545 4377 678 4425 vocatam
690 4385 760 4441 esse,
773 4367 809 4425 de
821 4388 877 4445 qua
887 4369 973 4426 lucu·
1319 4403 1458 4468 ARGWI

208 4454 301 4513 lentus
317 4456 399 4513 locus
409 4465 453 4513 est
472 4455 551 4535 apud
568 4454 753 4514 Plutarchum
767 4455 805 4515 in
825 4454 937 4514 Theseo
950 4476 974 4515 c.
1459 4449 1466 4464 ⁸

208 4561 247 4621 ²9
261 4568 268 4604 :
280 4541 432 4626 Συνίπραξε
444 4541 473 4603 θλ
491 4542 537 4603 καί
550 4542 687 4627 Ἀδράστῳ
707 4544 755 4617 clv
771 4541 902 4626 ἀναίρεσιν
921 4547 973 4603 τῶν
1057 4552 1129 4606 Duae
1142 4560 1297 4625 supersunt
1313 4546 1432 4622 fabulae,
1448 4565 1571 4625 quarum
1583 4559 1779 4626 argumentum

207 4633 259 4694 ύπθ
279 4634 404 4718 Καδμείᾳ
422 4631 627 4713 πεσάντυιν,οὖχ
640 4635 673 4700 ὡς
690 4631 834 4714 Εὐριπίδης
852 4632 974 4706 ἐποίησεν
1019 4637 1144 4715 quodam
1167 4648 1255 4715 pacto
1274 4635 1460 4714 conjunctum
1477 4636 1534 4695 luit
1554 4656 1620 4695 cum
1642 4637 1702 4697 illis
1725 4649 1778 4696 tra-

209 4723 236 4780 έν
260 4723 395 4808 τραγῳδίορ
419 4722 493 4804 μάχῃ
520 4725 574 4782 τῶν
594 4719 722 4795 Θηύαίων
745 4721 889 4803 κρατήσας,
905 4720 973 4782 ἀλλὰ
1019 4725 1135 4805 goediis‚
1148 4746 1211 4801 quae
1223 4726 1252 4784 in
1268 4725 1374 4804 OEdipi
1386 4723 1530 4804 hujusque
1547 4727 1674 4786 filiorum
1695 4726 1777 4786 bisto-

207 4809 300 4883 πείσας
315 4812 358 4874 καί
380 4812 561 4892 σπεισάμενος.
586 4809 666 4872 Οὐτω
679 4809 729 4893 χθιρ
750 4813 774 4870 ol
792 4813 910 4873 πλεῖστοι
926 4810 973 4872 λέ·
1018 4813 1283 4889 recensebantur,
1303 4815 1404 4892 Argivi
1421 4828 1451 4874 et
1471 4815 1606 4894 Epigoni.
1624 4815 1682 4876 Sed
1706 4812 1777 4874 valde

703 3359 745 3441 Er
765 3363 901 3468 Ᾰργείοις

648 5112 775 5184 Pelyntra
788 5113 890 5171 lrabeat
903 5114 932 5170 in
947 5047 1187 5190 uiid'conposuts
1196 5113 1309 5189 arbylis.
