3680 5790
204 436 262 494 ⁸80

205 571 288 663 [421]
302 572 385 666 Πρὸς
397 561 425 638 δ’
441 565 502 640 οἷον
515 563 596 651 ἥξεις
612 563 732 668 δαίμον’
747 583 786 655 ὡς
803 579 965 671 ίρώριινον,

302 685 334 766 ὃς
346 688 415 756 orire
428 687 591 766 τούπιεικὲς
607 690 678 756 odra
694 692 750 764 riu
762 689 851 783 χάριν

298 793 372 894 ἤδη,
385 800 479 896 μόνην
494 793 523 869 δ’
535 803 655 899 ἔστεργε
673 809 726 881 τὴν
744 809 849 888 ἁπλῶς
866 797 964 884 δίκην.

206 942 270 998 Non
284 936 477 997 dubitandum
492 939 563 1017 quin
575 941 635 998 lucc
646 941 737 1002 verba
749 942 898 1022 cujusdam
910 943 968 1004 siut

205 1025 343 1084 Alcestidi
355 1025 555 1104 persuadentis
567 1047 604 1088 ne
619 1030 705 1090 morti
717 1049 748 1106 se
762 1031 914 1092 devoveat.

244 1113 373 1172 Perstitit
396 1114 427 1172 in
449 1115 585 1189 consilio,
608 1128 704 1177 otest
724 1120 801 1198 apud
822 1120 967 1182 stobaeum

206 1205 339 1274 CXXII,
356 1222 389 1304 ρι
401 1247 410 1278 ,
422 1223 508 1281 quem
522 1223 638 1264 versum
652 1206 714 1285 jam
730 1209 787 1268 alio
808 1211 874 1270 loco
886 1231 968 1272 com·

206 1309 428 1351 memoravimus
438 1313 446 1350 ε

204 1421 287 1502 [423]
301 1417 341 1486 A.
355 1419 488 1487 Θανίντι
504 1421 589 1510 κείνῳ
601 1422 752 1492 συνθανεῖν
767 1427 840 1522 ἔρως
852 1433 883 1522 ρι’
895 1429 966 1523 ίχιι.

273 1538 309 1601 Β.
325 1517 426 1622 llius,
440 1534 558 1631 ἐπείγου
573 1528 683 1631 μηδὲν,
697 1539 737 1619 είς
756 1543 793 1610 τὸ
807 1543 966 1638 μόρσιμον.

207 1669 328 1728 Alcestis
351 1671 387 1730 ad
418 1686 539 1732 mortem
565 1673 679 1735 abitura
701 1677 743 1738 ait
767 1678 870 1758 (schol.
887 1681 968 1742 l’ind.

206 1755 361 1834 Pytlr.lV,
378 1760 473 1839 carl:

206 1887 290 1970 [423]
308 1855 339 1950 ll
352 1911 391 1980 γη
413 1885 527 1980 Φορκίσι
542 1894 628 1984 χαῖρε
643 1892 786 1986 σύγγονόν
805 1895 832 1962 θ’
847 1886 942 1991 ὕδωρ,

305 1985 433 2094 Ῡιιίριια
446 2007 556 2096 κρήνη,
567 2009 650 2098 reipsa
663 2006 905 2101 θεοφιλέστατον.

205 2137 264 2198 Sed
275 2137 418 2216 Apollinis
430 2139 539 2198 auxilio
551 2139 723 2221 restituitur,
735 2144 785 2222 qui
800 2145 880 2223 prius
891 2148 968 2228 apud

206 2226 359 2288 Pheretem
381 2227 550 2288 servitutem
576 2231 731 2306 tolcravit,
757 2246 790 2291 ut
818 2247 862 2294 est
890 2238 969 2316 apud

97 2341 101 2350 ·
207 2314 409 2388 Plutarchum,
422 2336 507 2393 quem
522 2338 609 2397 supra
622 2320 790 2382 citavimus:

206 2434 289 2523 [430]
301 2435 404 2526 Οῦριὺς
416 2425 446 2501 δ’
459 2434 596 2532 ἀλέκτωρ
606 2441 698 2508 αὐτὸν
707 2437 762 2536 ἦρι
775 2443 848 2537 πρὸς
860 2447 967 2539 polus,

207 2553 420 2613 immaturius
442 2556 612 2634 gallicantu
629 2560 666 2618 ad
688 2559 816 2621 laborem
842 2565 968 2626 vocaba-

207 2653 262 2701 tur.
274 2643 406 2722 Denique
418 2663 519 2705 versus
530 2659 573 2706 est
585 2647 654 2707 Attii
666 2692 675 2724 ‚
689 2651 739 2729 qui
751 2651 788 2711 ad
796 2654 922 2714 reditum
932 2653 969 2716 ab

205 2731 306 2791 inseris
317 2733 444 2810 pertinet
456 2753 464 2791 ε

258 2821 350 2892 Quum
364 2818 485 2877 striduit
495 2829 613 2882 retracta
624 2841 734 2885 mrsum
746 2827 781 2886 ab
790 2827 895 2888 inieris.

514 2955 644 2976 une—-

355 3058 530 3122 uetustus
549 3061 632 3139 [srva
652 3062 805 3146 Dauum.

246 3193 388 3274 «Duplici
412 3197 497 3256 titulo
516 3198 649 3278 insignita
671 3201 767 3263 sabula
790 3205 967 3290 [Ἀκρίσιος]

204 3284 378 3364 Δαρισσοιῖοι]
401 3284 484 3365 cujus
508 3302 708 3368 argumentum
738 3293 826 3355 luisse
853 3299 968 3362 videtur

203 3392 282 3432 mors
306 3374 412 3435 Acrisii
428 3375 514 3454 juxta
534 3381 682 3438 oraculum
703 3386 838 3445 aPerseo
861 3404 967 3470 nepote
1055 3437 1061 3449 .

203 3460 357 3522 interemti.
373 3489 385 3516 ν
399 3467 521 3524 Bruuclr.
543 3467 600 3526 Alii
623 3470 713 3528 secuti
736 3485 813 3550 suut,
834 3477 883 3537 sed
903 3479 965 3540 salsi

202 3564 279 3611 suut.
290 3553 407 3612 Rectius
418 3551 465 3613 alii
477 3567 561 3615 antea
569 3556 746 3634 judicarunt,
759 3564 808 3641 qui
823 3569 964 3630 Acrisium

202 3658 218 3697 a
230 3640 374 3710 Larissaeis
387 3645 579 3721 separandum
596 3663 777 3710 censuerunt.
797 3653 828 3712 Si
843 3656 920 3716 euim
934 3659 962 3717 iu

202 3728 964 3818 AcrisioSophoclesDauaaeexiliumexposuit,inLa-

201 3816 304 3876 rissaeis
316 3817 429 3878 obitum
447 3822 565 3893 Acrisii,
587 3837 744 3904 utrimque
764 3847 962 3908 argumentum

202 3901 309 3982 duplex
323 3920 352 3966 ct
364 3911 555 3988 compositum
567 3913 648 3974 nullo
662 3928 748 3992 pacto
759 3937 815 3977 una
825 3922 963 4000 tragoedia
1017 3959 1053 4014 Et
1063 3960 1097 4017 s,

202 3993 339 4068 explicari
355 3999 459 4074 potuit.
476 4003 519 4058 De
530 3999 626 4060 sabula
639 4003 702 4081 ipsa
717 4003 842 4066 diximus
857 4009 887 4068 in
902 4010 962 4071 sra-

202 4082 324 4157 gmentis
334 4085 462 4162 AEschyli
474 4099 503 4144 et
517 4089 632 4166 planum
645 4093 731 4152 etiam
746 4095 875 4174 fecimus,
886 4120 963 4178 quo-

1015 4068 1098 4150 [434]
1115 4049 1207 4148 Ῥῆσις
1227 4071 1355 4162 βραχεῖα
1371 4078 1435 4152 τοῖς
1453 4083 1594 4166 φρονοῦσι
1612 4079 1762 4170 σώφρονα

754 427 964 492 soenoctts
984 428 1234 494 FRAGMENTA.

1020 561 1083 623 Alia
1094 575 1187 624 tamen
1201 563 1329 624 nascitur
1338 565 1460 644 quaestio
1470 565 1507 626 de
1521 569 1628 628 urnae
1641 567 1783 648 magoth.

1019 650 1102 730 cujus
1117 653 1296 731 grammatici
1313 655 1490 716 mentionem
1512 656 1641 716 faciunt.
1656 657 1785 717 Welcle·

1020 759 1070 799 rus
1081 760 1143 800 sese
1155 741 1276 802 dubium
1288 743 1451 822 profitetur.
1467 769 1481 800 ι
1492 743 1540 804 Ab
1551 745 1730 824 Hesychia,
1745 746 1786 803 in-

1020 828 1104 906 quit,
1125 828 1171 890 bis
1202 831 1308 890 citatur
1324 874 1333 904 ‚
1356 843 1401 890 ter
1423 831 1461 891 ab
1489 833 1554 893 aliis
1579 833 1786 913 grammaticis.

1020 917 1200 995 Quamquam
1211 919 1356 999 tragoediae
1366 921 1516 1002 inscriptio
1529 919 1670 1004 Ἀκρίσιος
1680 919 1789 993 Admeti,

1020 1004 1139 1066 sortasse
1153 1028 1211 1068 non
1223 1007 1319 1083 suerit,
1334 1024 1428 1070 tamen
1443 1015 1544 1072 Danae
1556 1024 1719 1091 tamquam
1731 1013 1792 1071 titu-

1021 1093 1066 1154 lus
1076 1101 1105 1153 et
1124 1114 1230 1155 nomen
1252 1096 1400 1176 tragoediae
1421 1097 1567 1178 frequenti
1587 1119 1647 1157 usu
1672 1099 1705 1157 in
1728 1119 1794 1157 con·
1829 1143 1837 1162 .

1020 1180 1202 1243 suetudinem
1213 1197 1326 1246 vertere
1336 1185 1447 1266 potuit,
1462 1208 1522 1266 quo
1532 1188 1713 1247 accuratius
1727 1187 1793 1246 deri-

1021 1272 1265 1350 gnareturlabula
1283 1275 1320 1335 ab
1335 1274 1538 1355 Larissaeisque
1551 1276 1792 1356 distingueretur.

1021 1366 1078 1421 Pro
1090 1375 1170 1420 certo
1183 1375 1279 1422 autem
1294 1363 1395 1424 haberi
1409 1377 1505 1443 potest
1515 1365 1626 1425 Acrisii
1638 1384 1794 1444 argumen-

1022 1449 1393 1532 tumnullumaliudluisse,
1402 1453 1456 1514 nisi
1465 1452 1545 1532 quod
1555 1453 1587 1512 iu
1597 1457 1707 1513 Danae
1716 1473 1796 1532 expo·

1022 1535 1106 1596 situm
1116 1537 1162 1600 sit.
1174 1542 1279 1600 Utrum
1287 1551 1382 1599 tamen
1392 1553 1599 1621 argumentum
1611 1553 1676 1602 tam
1687 1542 1795 1620 insigne

1022 1635 1052 1696 et
1071 1624 1208 1686 eximium
1220 1627 1325 1689 sabula
1337 1631 1469 1708 satyrica
1480 1642 1581 1710 aptum
1598 1631 1795 1710 judicaverit,

1023 1731 1083 1775 nou
1098 1725 1220 1774 constat.
1243 1717 1324 1778 Nihil
1344 1719 1421 1779 inter
1446 1717 1612 1797 fragmenta
1630 1720 1795 1798 reperitur,

1023 1819 1082 1879 quo
1094 1821 1141 1861 res
1150 1817 1358 1884 cognoscatur3
1375 1819 1404 1866 et
1413 1826 1591 1886 quamquam
1606 1811 1718 1868 Danae
1734 1826 1794 1866 cunr

1022 1893 1127 1949 Perseo
1135 1895 1482 1974 pueroSatyrisquenilril
1492 1895 1627 1956 continet
1636 1896 1794 1974 quodinse
1838 1979 1839 1984 ρ

1023 1991 1135 2038 constet
1150 1979 1391 2062 probandumque
1407 1984 1460 2058 sit,
1472 1985 1620 2044 sententia
1633 1997 1737 2044 tamen
1750 1985 1794 2042 illa

1022 2065 1053 2124 in
1065 2078 1143 2128 tanta
1156 2070 1284 2130 omnium
1298 2089 1394 2131 rerum
1409 2072 1607 2148 obscuritate,
1620 2092 1694 2152 qnae
1708 2073 1746 2133 ad
1757 2074 1795 2132 la-

1023 2154 1105 2216 bulas
1123 2159 1262 2236 satyricos
1275 2160 1434 2240 pertinent,
1450 2162 1532 2242 rejici
1543 2183 1604 2222 non
1617 2175 1733 2242 potest.
1742 2189 1755 2215 ι

1063 2248 1210 2324 Perpauca
1226 2247 1383 2328 fragmenta
1395 2250 1496 2310 Acrisii
1506 2271 1571 2330 quae
1585 2264 1707 2310 servata
1719 2263 1795 2324 sunt,

1023 2332 1060 2391 ab
1072 2333 1207 2394 Jacobsio
1217 2337 1286 2395 olim
1298 2350 1375 2397 recte
1383 2337 1442 2416 jam
1452 2351 1518 2399 sunt
1530 2339 1691 2418 explicata.
1699 2344 1796 2399 Danae

1023 2420 1099 2480 enim
1120 2442 1185 2482 cum
1200 2425 1313 2484 Acrisio
1327 2438 1409 2504 patre
1430 2427 1600 2505 colloquens
1622 2427 1796 2487 introducta

1023 2528 1085 2570 esse
1098 2510 1214 2570 ridetur
1225 2513 1395 2594 suppliciter
1410 2514 1448 2574 ab
1460 2534 1495 2575 eo
1508 2527 1612 2595 petens
1631 2535 1674 2574 ne
1689 2516 1796 2594 ipsain

1023 2599 1140 2658 erilium
1151 2599 1285 2678 pellatur.
1297 2606 1380 2662 Pater
1393 2614 1489 2663 autem
1501 2605 1529 2662 in
1542 2603 1672 2663 consilio
1687 2607 1796 2664 oraculi

1023 2703 1162 2765 responso
1190 2702 1339 2767 permotus
1358 2692 1508 2768 persistit,
1530 2692 1598 2770 quia
1627 2695 1795 2753 verendum

1023 2789 1102 2851 crat,
1117 2797 1180 2838 uea
1192 2792 1299 2858 nepote
1311 2781 1501 2842 occideretur.
1511 2781 1592 2844 Stob.
1608 2785 1730 2854 CXIX,
1751 2805 1794 2844 rav

1023 2867 1088 2948 Σοῳ.
1099 2864 1219 2948 Ἀκρισίῳ
1231 2891 1238 2906 ·

1023 2968 1788 3076 [431]Τὸζῆνγὰρ,ὦπαῖ,παντὸςῆδιστσνγέρας

1116 3094 1224 3158 Θανιῖν
1242 3086 1300 3186 γὰρ
1318 3095 1373 3160 οὐκ
1382 3086 1479 3172 ἔξεστι
1494 3100 1558 3172 τοῖς
1574 3097 1706 3164 αὐτοῖσι
1722 3089 1782 3175 δίς.

1022 3211 1057 3267 Ει
1071 3207 1146 3266 idem
1158 3205 1238 3268 Stob.
1253 3212 1364 3284 CXIX,
1378 3232 1393 3282 7
1407 3232 1414 3268 :
1429 3213 1463 3272 Σ.
1476 3208 1618 3293 Ἀκρισίῳ·

1020 3329 1102 3410 [132]
1120 3329 1182 3394 Τοῦ
1198 3321 1250 3407 ζῆν
1268 3325 1326 3422 γὰρ
1344 3320 1442 3409 οὐδεὶς
1454 3337 1494 3409 ὡς
1511 3331 1716 3424 ὀγσροίσκονν
1732 3335 1785 3427 ἐρᾷ
1838 3393 1839 3426 3

1020 3441 1144 3496 Miratur
1156 3437 1262 3497 deinde
1275 3439 1419 3515 Acrisius,
1442 3441 1591 3520 quomodo
1609 3444 1726 3506 factum
1742 3448 1779 3506 sit
1838 3451 1839 3460 ’

1022 3537 1054 3583 ut
1067 3530 1168 3586 Danae
1185 3539 1242 3586 tam
1254 3528 1343 3587 multa
1356 3530 1444 3589 verba
1462 3544 1561 3611 posset
1580 3533 1693 3594 facere.
1711 3537 1784 3596 Stob
1838 3583 1839 3586 ,

998 3671 1001 3676 ,
1021 3617 1154 3687 LXXIV,
1167 3616 1222 3674 ad:
1236 3618 1269 3677 Σ.
1285 3615 1421 3700 Ἀκρισίῳ·

1019 3723 1102 3810 [1133]
1120 3707 1230 3802 Atto<
1242 3749 1274 3790 τε
1286 3722 1337 3791 καὶ
1354 3725 1427 3821 κόρη
1440 3754 1475 3795 τι
1488 3727 1617 3824 κοίργεία
1634 3736 1740 3827 γένος,
1838 3719 1839 3724 ¹

1112 3833 1159 3917 οἷς
1174 3837 1324 3930 κόσμος]
1344 3848 1416 3936 σιγή
1435 3869 1468 3912 τε
1481 3843 1532 3913 καὶ
1546 3843 1589 3912 τὰ
1602 3855 1701 3943 παῦρ’
1721 3853 1788 3924 εἰτι.Υ
1838 3825 1839 3900 l

149 4187 154 4196 ·
202 4169 290 4228 modo
310 4185 511 4248 argumentum
535 4171 660 4256 dispesci
684 4181 833 4262 dividique
854 4203 960 4266 posset.
1015 4181 1089 4273 πρὸς
1105 4183 1174 4262 τοὺς
1190 4185 1335 4266 τεκόντας
1353 4185 1404 4254 καὶ
1418 4191 1629 4281 φυτεύσαντας
1641 4201 1767 4285 πρέπει.

205 4285 1609 4338 ῄ--ᾕ-ᾕ--ἐ

198 4419 240 4478 Ad
249 4433 398 4494 quemnam
407 4417 490 4476 deum
501 4428 533 4476 ut
543 4349 689 4483 drisitorem
699 4427 801 4500 venies,

1360 4374 1422 4424 431.

1014 4447 1078 4504 Vita
1088 4447 1270 4521 enim,olilia‚
1279 4455 1403 4512 omnium
1413 4457 1607 4517 suavissimum
1616 4477 1728 4522 munus
1737 4475 1781 4524 est

199 4499 246 4572 11111
256 4513 346 4571 111111111
357 4498 431 4571 (111011
443 4515 553 4573 aequum
567 4508 609 4559 0⁸²
619 4519 708 4577 11111110
722 4508 959 4584 moderannum
1015 4529 1086 4585 Mori
1101 4529 1175 4586 enim
1187 4529 1283 4589 iisdem
1294 4548 1350 4591 non
1361 4534 1401 4591 bis
1412 4535 1484 4592 licet.

198 4579 284 4648 norit,
294 4577 344 4637 sed
355 4581 402 4654 qui
413 4579 500 4638 solam
509 4580 669 4656 simpliciter
679 4588 804 4662 sequitur
812 4591 957 4665 justitiam.

250 4742 285 4797 A.
302 4741 412 4799 Mortuo
426 4739 466 4796 illi
478 4669 702 4805 mmmdiimor
713 4763 757 4805 me
771 4747 834 4808 fert.

199 4819 229 4874 B.
247 4819 408 4889 Perseidos,
431 4819 499 4877 nihil
517 4823 654 4896 accelera,
672 4825 708 4884 ad
726 4827 796 4886 illud
814 4828 888 4903 quod
908 4833 957 4890 tibi

267 4907 833 5062 Oterral’heraearaliirignotaqueaqua

267 5057 386 5131 Hyperia
399 5057 471 5123 lons,
479 5058 569 5132 liquor
577 5059 637 5120 deis
647 5065 828 5138 gratissimus.
953 5085 955 5090 ’

267 5216 365 5276 Gallus
378 5231 457 5275 meus
468 5233 531 5276 eum
541 5145 695 5280 idomolam
709 5227 805 5299 coegit.

1367 4627 1430 4678 432.

1103 4705 1193 4764 Vitam
1209 4707 1282 4764 enim
1295 4725 1377 4767 nemo
1394 4717 1424 4766 ut
1438 4725 1519 4768 senex
1535 4720 1620 4771 amat.

1365 4805 1427 4856 433.

798 4908 892 4979 [fatale
905 4920 955 4970 es,
1013 4881 1168 4975 Praesertim
1181 4884 1409 4978 virgoetArgira
1423 4901 1537 4982 genere,
1642 4970 1651 4987 ·

1011 4963 1112 5037 qulbus
1124 4972 1314 5022 ornamentum
1326 4975 1368 5024 est
1382 4967 1521 5025 silentium
1533 4975 1561 5026 et
1571 4967 1669 5031 brem
1681 4973 1770 5034 rerba.

1360 5061 1422 5113 434.

1098 5146 1193 5204 Brevis
1207 5147 1294 5204 oratio
1310 5148 1419 5222 eosqui
1435 5156 1507 5206 mete
1523 5151 1638 5224 sapiunt

1099 5233 1134 5291 ad
1150 5242 1276 5308 parentes
1291 5244 1320 5294 et
1337 5237 1473 5311 genitores
1488 5236 1578 5298 decet.
