3742 5784
584 403 791 464 soeuoctts
814 402 1062 472 FRAGMENTA.

40 540 175 632 καὶπρὸς
192 535 309 626 βέώηλα
324 545 460 634 χώπόθεν
479 549 568 627 πένης
582 548 655 640 ἀνὴρ

40 647 107 746 μηδ’
124 661 259 748 ἐντυχὼν
277 649 394 726 δύναιτ’
415 655 449 727 ἂν
463 658 502 726 br
520 665 573 752 ίρᾷ
586 671 695 754 τυχεῖν.

40 769 97 834 Καὶ
115 765 174 862 γὰρ
194 762 328 852 δυσειδὲς
346 782 435 865 σῶμα
451 775 503 842 καὶ
520 769 694 868 δυσώνυμον

40 889 156 980 γλώσσῃ
178 888 268 978 σορὸν
287 887 402 962 τίθησιν
422 893 569 986 εὔμορφόν
587 899 616 962 τ’
630 885 714 962 ἰδεῖν.

40 1003 128 1090 Μίνῳ
149 993 185 1069 it
201 1003 313 1097 χαίρειν
330 1005 383 1074 καὶ
398 1015 491 1074 νοσεῖν
505 1003 623 1086 ἐξουσία

40 1119 177 1210 πάρεστιν
194 1123 278 1208 αὐτῷ
293 1119 537 1216 κάπικρώψασθαι
550 1125 639 1194 κακοί.

41 1247 81 1325 [V.
99 1251 114 1306 3
130 1250 217 1308 codd.
232 1253 381 1330 τυραννίδος
395 1257 419 1313 τ’
432 1253 553 1334 ἄγουσιν,
571 1259 688 1316 Salmas.
704 1262 800 1318 dcxcii·

47 1360 89 1411 ru,
105 1339 153 1396 alii
171 1337 297 1402 θάκοισιν.
310 1340 423 1400 Deinde
438 1343 606 1404 Gaisfordus
621 1344 741 1416 ixitlccrp
754 1344 800 1405 νό-

44 1449 90 1484 σον.
112 1433 148 1487 V.
171 1428 189 1484 6
209 1427 310 1507 βίὸηλα
328 1435 460 1490 Vaterus.
479 1432 643 1511 Legebatur
667 1432 700 1491 τὰ
723 1433 800 1512 βαιά.

43 1519 70 1570 ν’.
91 1535 120 1572 ιι
137 1516 307 1575 Dindoriius
324 1519 448 1594 conjecit
465 1521 582 1580 νοσοῦντ’
597 1519 719 1598 ἐξουσία.)
738 1527 800 1581 Rex

41 1595 119 1672 longa
137 1595 270 1656 oratione
285 1597 485 1658 exacerbatior
502 1600 542 1658 ait
552 1600 644 1678 (Stob.
659 1605 800 1681 XXXVI,

44 1685 85 1760 tr)
101 1705 107 1740 :

40 1813 115 1900 [tet]
134 1813 176 1881 Τί
192 1825 293 1882 ταῦτα
307 1821 427 1883 πολλῶν
447 1817 588 1910 ῥημάτων
602 1819 644 1884 ἔτ’
656 1821 722 1888 ἐστί
736 1848 800 1908 σοις

130 1927 172 1999 τὰ
188 1931 246 2027 γὰρ
263 1929 391 2024 περισσὰ
405 1946 565 2029 πανταχοῦ
580 1941 690 2031 λυπήρ’
709 1940 777 2014 ἔπη.

42 2061 89 2121 llic
111 2061 304 2123 intercessisse
326 2065 398 2123 alius
419 2065 548 2144 iramque
567 2071 642 2148 regis
668 2071 799 2149 mitigare

41 2151 160 2211 uoluisse
174 2151 297 2212 ridetur.
312 2152 395 2214 Stob.
410 2159 553 2230 XXXIII,
565 2160 600 2216 3:

40 2279 114 2365 [588]
133 2254 252 2368 Muci,
270 2284 384 2351 σιώπα·
402 2284 490 2352 πόλλ’
504 2286 565 2376 ἔχει
582 2291 649 2380 σιγλ
670 2287 760 2355 καλοί.

41 2411 171 2486 (Versum
194 2413 257 2472 sine
279 2415 397 2474 nomine
421 2429 515 2494 poetae
535 2417 633 2476 attulit
654 2419 798 2477 Plutarch.

41 2508 109 2561 Mor.
124 2525 151 2582 p.
166 2505 232 2578 502,
245 2504 289 2584 tt.)
306 2511 408 2584 Neque
422 2527 492 2566 vero
510 2508 689 2586 refragabor‚
701 2511 723 2569 si
735 2512 799 2589 quis

41 2611 147 2650 tersum
163 2595 223 2671 regi
235 2595 291 2673 ipsi
302 2594 503 2654 vindicaverit.
523 2597 670 2676 Telephus
682 2619 799 2676 respon·

42 2679 85 2738 det
99 2681 246 2760 (Stoboeus
259 2688 340 2757 XIII,
355 2683 385 2762 6)
399 2704 405 2741 :

40 2817 114 2895 [teu]
129 2811 191 2879 Καὶ
203 2807 260 2907 γὰρ
275 2803 377 2880 δικαία
386 2819 498 2908 γλῶσσ’
511 2815 571 2908 ἔχει
582 2815 693 2910 κροίτος
707 2821 797 2913 μέγα.

39 2933 166 3009 Digresso
183 2935 287 2994 deinde
300 2935 336 2994 de
346 2955 431 2994 scena
445 2935 576 3014 Telepho
588 2937 670 2996 chori
684 2958 799 3000 carmen

41 3035 165 3097 pectant
182 3024 305 3098 videtur,
320 3025 504 3103 interposuit,
517 3025 598 3102 cujus
610 3027 798 3106 fragmentum

39 3123 76 3167 ast
88 3114 163 3190 apud
178 3113 323 3172 Stobaeutn
334 3117 443 3187 XLIII,
456 3116 473 3171 6
485 3137 492 3170 :

40 3246 114 3330 leae]
135 3249 222 3313 Ketia
241 3237 298 3313 οἷδ’
314 3249 332 3312 ὅ
347 3273 377 3314 τι
396 3250 453 3341 χρὴ
471 3247 545 3340 πρὸς
562 3260 663 3318 ταῦτα
676 3255 785 3348 λέγειν·

136 3365 210 3427 ὅταν
224 3362 255 3428 οἵ
271 3367 299 3428 τ’
313 3361 420 3455 ἀγαθοὶ
437 3364 510 3456 πρὸς
527 3375 588 3432 τῶν
604 3367 716 3460 οἱγινών

137 3485 374 3563 κατανικῶνται,

135 3589 210 3658 ποία
226 3592 313 3672 πυλις
327 3589 361 3660 iu
381 3584 450 3660 τώδ’
465 3595 596 3688 lady-aeq

40 3731 104 3786 Sunt
118 3732 167 3806 qui
178 3745 314 3790 censeant
328 3735 489 3812 Telephum
509 3735 714 3796 exacerbatum
728 3760 795 3798 ora-

40 3815 207 3897 ametegis,
221 3821 281 3880 sire
294 3822 380 3881 Aleos
400 3822 424 3882 is
438 3823 492 3882 luit
513 3817 661 3883 sire'unus
674 3847 711 3885 ex
721 3829 795 3897 liliis,

40 3904 128 3966 lurore
141 3909 295 3989 abreptum
309 3926 456 3990 postremo
474 3913 626 3974 occidisse.
641 3920 711 3990 Quae
728 3937 795 3976 sen-

40 3997 117 4055 tentia
132 3999 227 4057 minus
245 3999 406 4078 probabilis
425 4001 550 4077 videtur,
565 4002 633 4080 quia
651 4007 795 4064 aratione

40 4086 205 4163 tragicorum
219 4103 350 4150 veterum
361 4089 508 4152 abhorret.
527 4093 627 4152 Potius
646 4095 795 4171 putaveris

39 4173 71 4232 ab
84 4178 193 4238 hleadis
213 4182 364 4240 consiliunt
378 4184 497 4262 Telephi
510 4184 545 4242 de
563 4184 659 4244 medio
675 4185 793 4244 tollendi

38 4261 143 4340 initum,
156 4289 214 4347 quo
224 4275 341 4348 cognito
355 4273 516 4351 Telephum
531 4273 596 4331 illos
607 4275 795 4334 antevertisse

39 4439 62 4486 et
74 4435 196 4506 prolana,
210 4449 237 4495 ct
248 4440 297 4496 ubi
307 4457 408 4513 pauper
422 4443 472 4508 νιν,

38 4526 69 4568 ne
82 4515 103 4569 si
113 4517 222 4588 quidem
239 4519 382 4590 inciderit,
397 4521 505 4594 assequi
518 4522 605 4594 possit
620 4521 693 4594 quod
705 4523 791 4594 cupit.

39 4592 137 4652 Etenim
147 4598 264 4656 interme
275 4615 374 4674 corpus
388 4610 416 4658 et
431 4603 494 4657 mali
512 4603 612 4658 ominis
629 4618 730 4659 nomen

38 4671 131 4746 liaguae
141 4679 166 4735 ri
179 4680 285 4752 sapIens
296 4680 363 4738 facit
374 4683 573 4756 pulchrumque
586 4691 709 4756 aspectu.

39 4754 90 4842 §oli
101 4758 169 4814 enirn
184 4759 291 4817 valendi
306 4771 334 4819 et
346 4763 498 4836 aegrotandi
512 4763 623 4820 IIcentia

39 4832 75 4890 rlli
85 4836 111 4892 in
123 4849 230 4911 promtu
245 4849 326 4900 estet
339 4844 411 4900 mala
424 4843 559 4900 occulere.

378 4931 440 4980 587.

39 4995 104 5067 Quid
114 4999 172 5059 hec
182 5003 232 5060 tibi
246 5003 337 5062 adhue
350 5007 501 5062 multorum
514 5006 677 5062 verborum?
701 5007 789 5074 [snat.

39 5089 91 5145 que
101 5082 171 5138 enim
184 5082 295 5140 modum
307 5084 443 5142 excedunt
455 5085 545 5154 verba,
557 5100 663 5157 semper
674 5084 791 5141 molesta

376 5172 437 5223 588.

86 5239 194 5315 Opner,
210 5249 284 5312 tace;
299 5245 385 5303 multa
397 5245 471 5304 bona
484 5245 566 5303 habet
579 5243 727 5300 silentium.

185 5341 309 5382 mmoens
323 5345 473 5384 maereret.

1559 423 1616 478 W

857 548 885 592 et
911 541 1072 614 peremisse.
1093 547 1192 622 Neque
1214 568 1284 607 vero
1312 547 1484 628 improbabo
1506 549 1530 608 si
1554 567 1620 628 quas

857 625 1014 704 Telephum
1039 631 1239 692 recordatione
1266 637 1422 710 malorum,
1444 657 1508 715 que
1527 649 1618 698 mater

857 736 992 795 perpessa
1005 721 1058 795 sit,
1070 724 1227 783 avunculos
1241 726 1386 787 hostiliter
1396 747 1559 806 aggressum
1572 729 1618 786 in-

859 805 1003 864 terfecisse
1016 821 1105 884 putet.
1115 811 1197 870 Stob.
1209 818 1260 888 IV,
1271 818 1306 888 37
1320 837 1326 872 :

855 945 937 1024 [591]
947 928 1089 1012 Errantes
1103 947 1206 1039 μέντοι
1219 950 1321 1018 πάντα
1335 952 1517 1045 τάνθρώπων
1528 959 1620 1038 νοσοῖ,

945 1067 1048 1138 κακοῖς
1061 1064 1135 1130 ὅταν
1152 1064 1273 1133 θελωσιν
1291 1067 1392 1136 ἰᾶσθαι
1406 1069 1498 1138 κακά.

857 1199 1014 1255 tirunculis
1031 1199 1191 1260 interemtis
1213 1204 1358 1282 Telephus
1372 1206 1401 1264 in
1422 1207 1516 1285 patria
1530 1225 1620 1284 quum

856 1303 1006 1344 remanere
1019 1307 1079 1346 non
1103 1304 1217 1368 posset,
1238 1292 1320 1364 abiit,
1340 1307 1373 1352 nt
1392 1295 1422 1352 in
1444 1295 1498 1352 alia
1515 1307 1621 1352 terrea
1705 1319 1708 1328 ’

856 1372 933 1432 caede
946 1375 1122 1452 expiaretur.
1144 1383 1275 1438 Fortasse
1294 1382 1350 1438 huc
1365 1383 1548 1442 referendum
1566 1393 1620 1451 est,

856 1463 934 1540 quod
955 1462 1042 1522 habet
1063 1467 1166 1524 Pollux
1179 1471 1238 1539 IX,
1266 1469 1435 1548 158:[592]
1459 1467 1620 1536 «Διωκτὸςο

854 1549 926 1632 παρὰ
946 1553 1077 1635 Σοροκλεῑ
1099 1557 1113 1613 ὁ
1136 1555 1228 1637 φυγὰς,
1250 1563 1388 1641 τραγικῶς.
1414 1565 1479 1620 Duo
1492 1561 1547 1617 alia
1563 1560 1622 1618 lra-

854 1655 968 1718 gmenta
979 1640 1115 1702 breviora
1128 1658 1195 1706 sunt
1205 1667 1289 1723 quam
1304 1659 1336 1705 ut
1344 1647 1486 1725 explicari
1498 1649 1619 1725 possint.

855 1731 980 1806 Hesych.
992 1731 1096 1810 [dealt
1113 1735 1267 1814 ἐρυμνοῖς,ι
1282 1734 1402 1818 taglam
1420 1748 1449 1794 et
1466 1737 1620 1796 Erotianus

855 1837 883 1894 p.
899 1839 955 1878 ato
976 1843 982 1878 :
1001 1822 1083 1900 [594]
1098 1848 1117 1907 Ιι
1129 1824 1269 1903 Φρονεῖνν
1294 1824 1382 1904 ἔλεγον
1406 1827 1431 1885 oi
1458 1825 1566 1884 παλαιοὶ
1589 1824 1619 1884 τὸ

854 1915 920 1966 νοεῖν
937 1952 984 1967 ...
1003 1909 1136 1989 μέμνηται
1149 1909 1195 1970 καί
1209 1915 1346 1996 Σοφοκλῆς
1358 1915 1385 1974 ἓν
1404 1914 1521 1994 Δχαιαδι
1531 1912 1617 1994 (corr.

855 1995 998 2076 Ἀλεοίδαις)
1015 1998 1059 2060 οιαὶ
1075 2002 1101 2060 ἐν
1117 1999 1280 2084 Ἀμφιαράῳ.

1157 2157 1319 2182 aeon-

1026 2269 1120 2328 urst
1142 2286 1211 2328 sive
1232 2241 1461 2328 aeternus?

894 2399 1083 2478 Omniaque
1103 2401 1140 2459 ad
1163 2413 1362 2478 argumentum
1380 2399 1535 2478 tragoediae,
1556 2419 1621 2478 quae

854 2489 931 2564 Mysi
942 2489 1002 2546 sive
1011 2490 1156 2567 Telephus
1166 2489 1229 2564 suit,
1237 2487 1438 2548 illustrandum
1447 2491 1620 2567 pertineant,

855 2575 930 2632 inter
948 2576 1106 2654 fragmenta
1120 2578 1249 2655 AEschyli
1267 2578 1423 2656 explicasse
1440 2576 1573 2635 videmur
1591 2597 1619 2655 p.

855 2665 921 2737 246,
945 2667 1053 2742 Hygini
1068 2664 1165 2724 fabula
1180 2666 1277 2740 allata,
1301 2686 1365 2744 quae
1383 2666 1497 2744 planius
1521 2666 1619 2744 expli-

854 2765 937 2812 catur
950 2755 1053 2813 AElian.
1072 2759 1136 2814 Nat.
1153 2755 1248 2813 haim.
1267 2759 1321 2825 III,
1340 2763 1386 2827 47,
1400 2767 1429 2812 et
1438 2754 1619 2832 Apollodoro

857 2848 908 2918 III,
924 2864 953 2920 9,
971 2865 995 2901 1.
1007 2844 1166 2922 Sophocles
1182 2856 1289 2917 autem,
1310 2856 1341 2902 ut
1357 2844 1439 2917 solet,
1463 2843 1494 2902 in
1508 2863 1619 2902 summa

856 2952 886 2990 re
907 2932 1075 3010 AEschylum
1098 2945 1213 2991 secutus
1236 2951 1297 2991 esse
1315 2931 1442 3004 videtur,
1465 2932 1494 2989 in
1517 2932 1619 2990 ceteris

855 3022 987 3081 nonnihil
1018 3023 1193 3082 immutasse.
1223 3023 1323 3080 Multis
1355 3019 1504 3080 laboribus
1530 3035 1619 3081 exan'-

856 3112 931 3172 tlatis
956 3111 1103 3191 Telephus
1125 3123 1273 3190 postremo
1299 3123 1418 3169 matrem
1434 3131 1565 3188 quaerens
1588 3114 1632 3172 in.

854 3203 974 3282 Mysiam
987 3202 1139 3283 pervenit,
1155 3200 1205 3259 nbi
1221 3201 1363 3260 Teuthras
1379 3221 1431 3259 rex
1447 3201 1525 3259 illam
1541 3222 1619 3262 rece·

855 3308 934 3372 ptam
947 3295 1013 3352 loco
1029 3291 1094 3350 filiae
1110 3291 1221 3349 habuit.
1237 3295 1303 3364 Quo
1324 3303 1419 3348 utrum
1436 3293 1586 3349 accesserit
1602 3313 1618 3350 a

854 3383 931 3440 caede
944 3392 1119 3461 expurgatus
1133 3399 1168 3436 an
1185 3378 1313 3435 noudum
1328 3377 1471 3455 expiatus,
1483 3397 1542 3434 non
1552 3399 1618 3437 con·

853 3482 924 3545 stat;
946 3469 1130 3530 verisimilius
1151 3479 1194 3524 est
1218 3479 1312 3524 tamen
1339 3464 1466 3523 nondum
1491 3466 1616 3525 solutum

772 3615 778 3628 ,
852 3561 932 3618 illum
945 3561 1060 3638 piaculo
1076 3558 1172 3616 luisse.
1187 3564 1279 3634 Atque
1291 3557 1351 3614 haec
1363 3555 1419 3613 fuit
1435 3568 1518 3614 vetus
1531 3556 1615 3630 fama,

853 3669 939 3728 quam
962 3647 1121 3727 Sophocles
1140 3667 1198 3703 non
1214 3647 1296 3704 facile
1310 3645 1447 3722 neglexit.
1471 3646 1502 3706 Si
1521 3658 1615 3705 autem

851 3737 1001 3814 AEschylus
1016 3749 1126 3794 mutum
1137 3734 1299 3793 introduxit
1311 3732 1482 3811 Telephum,
1501 3735 1616 3814 Sopho·

852 3828 908 3886 cles
931 3849 989 3886 non
1001 3827 1077 3886 idem
1091 3839 1206 3884 secutus
1225 3837 1268 3882 est
1288 3824 1449 3897 consilium,
1470 3845 1486 3882 a
1506 3845 1564 3902 aquo
1584 3825 1615 3883 in

852 3919 938 3978 simili
949 3939 978 3977 re
991 3917 1151 3997 Sophocles
1161 3917 1280 3974 omniuo
1293 3915 1463 3974 abstinuisse
1474 3915 1615 3984 videatur,

852 4009 901 4086 qui
913 4007 1061 4086 OEdipum
1082 4026 1197 4084 quoque
1211 4006 1240 4064 in
1257 4005 1367 4063 Colono
1377 4004 1458 4083 loqui
1468 4004 1545 4077 lacit,
1557 4024 1612 4061 an-

852 4109 965 4174 tequam
981 4096 1095 4174 piaculo
1111 4096 1207 4153 luitur.
1223 4094 1334 4154 Chorus
1348 4099 1496 4170 Mysorum
1506 4093 1570 4164 fuit,
1583 4105 1615 4151 ut

852 4185 966 4243 nomine
979 4184 1123 4264 tragoediae
1134 4196 1263 4262 apparet.

890 4279 1061 4352 Fragmenta
1085 4292 1230 4352 perpauca
1248 4284 1317 4331 sunt
1340 4283 1370 4329 et
1388 4291 1422 4330 ea
1445 4270 1612 4330 difficillima

1199 4447 1262 4498 589.

918 4532 1025 4590 Etenim
1034 4533 1108 4604 Justa
1118 4533 1206 4589 orauo
1218 4546 1347 4604 magnam
1360 4530 1414 4586 rim
1427 4527 1520 4585 habet.

1138 4653 1141 4664 ¹
1194 4633 1256 4684 590.

934 4731 976 4784 Ae
987 4727 1080 4783 nescio
1093 4725 1224 4800 quidnam
1237 4723 1270 4780 ad
1284 4723 1343 4780 haec
1354 4723 1459 4790 dieam;

932 4807 1041 4882 quaudo
1051 4806 1115 4863 boni
1127 4805 1160 4860 ab
1172 4803 1352 4878 degeneribus

933 4894 1110 4960 superantur,

933 4981 994 5038 que
1004 4981 1047 5022 res
1064 4965 1172 5039 publica
1186 4964 1245 5022 haec
1256 4963 1328 5020 terre
1342 4961 1449 5036 possiti

1192 5067 1253 5118 set.

879 5161 945 5220 Inde
956 5160 1077 5236 proiecto
1092 5175 1187 5216 omnes
1199 5177 1242 5216 res
1253 5160 1382 5216 huntanae
1395 5159 1569 5232 affliguntur,

879 5243 987 5316 qnando
998 5240 1077 5297 malis
1090 5239 1160 5297 mala
1172 5257 1270 5298 sanare
1282 5239 1376 5298 veiint.

1419 5329 1449 5375 23
