3680 5790
628 445 840 510 sorflocras
859 445 1116 512 FRAGMENTA.

381 585 533 648 lOLAUS.

111 713 210 778 semet
229 715 433 776 tautummodo
454 717 562 775 citatur
581 713 723 793 tragoedia
738 713 845 786 Iolaus,

69 807 162 887 idque
170 807 239 866 loco
251 808 301 886 qui
317 809 396 870 varie
409 820 564 888 corruptus
580 808 684 886 legitur
695 807 725 865 iu
738 805 846 865 codici-

67 895 136 970 bus,
153 895 242 956 schul.
257 897 401 978 aristoph.
413 898 510 976 Equit.
531 899 600 974 496,
621 896 749 976 ideoque
762 893 846 957 ’tott-

67 1006 119 1056 της
139 996 302 1043 correctum
319 998 370 1045 est.
394 990 484 1046 Recte
499 997 595 1044 autem
610 982 697 1044 hodie
717 982 845 1050 Οἰκλέους

66 1070 221 1132 scribitur.

399 1202 509 1222 u*-

374 1315 543 1400 runeus.
639 1333 643 1340 ·

110 1467 187 1530 Satis
199 1479 301 1526 notum
313 1479 357 1526 est
376 1478 575 1546 argumentum
586 1464 728 1544 tragoediae
744 1483 759 1522 a
772 1463 845 1522 mul·

68 1558 167 1636 tisque
188 1567 343 1614 tractatum
367 1555 474 1634 poetis,
499 1573 626 1635 qnorum
640 1571 727 1612 uerno
745 1554 845 1612 notior

67 1658 116 1703 est
135 1665 223 1723 quam
241 1643 380 1717 Ouidius,
396 1644 446 1722 qui
468 1656 558 1702 totam
582 1641 709 1702 fabulam
723 1642 845 1721 egregiis

66 1733 206 1792 versibus
220 1733 250 1791 in
264 1737 381 1792 Metam.
393 1737 435 1793 Vl
448 1733 591 1811 exposuit.
636 1751 638 1758 ·

111 1825 238 1895 Tereus,
252 1841 340 1900 quem
359 1840 457 1900 regern
474 1821 607 1881 Thraciae
623 1819 744 1899 iaciunt,
764 1823 844 1878 Pan·

68 1913 190 1972 dionem
211 1931 301 1990 quum
323 1911 463 1972 adversus
488 1911 644 1972 Thebanos
668 1909 844 1988 adjuvisset,

68 2021 103 2060 re
120 2021 264 2080 prospere
275 2013 355 2080 gesta
376 2002 444 2060 loco
465 2001 603 2061 mercedis
618 2007 748 2060 Procnen
765 2003 842 2058 Pan-

66 2091 167 2150 dionis
181 2091 269 2150 liliam
281 2091 312 2149 iu
324 2091 539 2152 matrimonium
555 2087 675 2171 decepit.
686 2093 740 2150 Cui
754 2108 843 2168 quum

66 2181 101 2239 iu
123 2179 278 2239 Thraciam
300 2200 418 2240 reverso
439 2186 553 2240 Procne
573 2185 639 2258 Ityn
667 2179 844 2258 peperisset,

67 2269 276 2348 quinquennio
299 2269 399 2349 elapso
424 2269 531 2350 cupida
552 2268 717 2352 Philomelae
736 2267 845 2326 sororis

67 2356 234 2418 revisendae
256 2378 274 2419 a
289 2357 415 2420 barbaro
426 2359 530 2439 petiit,
544 2372 577 2418 ut
594 2371 644 2418 ant
662 2376 680 2420 a
698 2369 780 2436 patre
794 2376 845 2416 so·

67 2467 170 2508 rorem
194 2461 354 2507 arcesseret
374 2462 423 2508 aut
441 2450 470 2508 in
486 2449 610 2529 patriam
630 2468 660 2506 se
677 2447 845 2506 dimitteret.

66 2539 180 2597 Tereus
199 2537 336 2615 precibus
355 2537 455 2597 uxoris
486 2550 636 2616 permotus
660 2538 845 2615 Athenasque

67 2627 320 2707 profectusquum
333 2626 523 2686 Philomelam
540 2626 669 2700 vidisset,
683 2645 781 2685 amore
796 2646 845 2684 ex·

67 2713 226 2774 ardescens
235 2715 418 2776 abductama
431 2729 515 2796 patre
529 2717 557 2775 in
572 2715 677 2775 itinere
690 2714 845 2794 stupravit,

68 2803 205 2865 custodia
226 2803 361 2882 inclusit,
375 2805 561 2884 linguamque
580 2805 721 2882 exsecuit,
736 2822 772 2862 ue
786 2803 844 2861 vim

68 2889 129 2952 sihi
140 2891 251 2950 illatam
262 2892 358 2953 sorori
370 2893 519 2972 proderet.
532 2898 570 2953 At
583 2893 632 2952 illa
646 2905 713 2973 post
726 2892 844 2968 longum

69 2991 188 3058 tempus
198 2980 279 3038 linita
292 2981 346 3038 tela
357 2981 455 3042 omnia
466 2995 498 3041 ut
506 2995 586 3061 gesta
596 2993 678 3040 erant
688 3000 741 3039 acu
752 2977 846 3057 pinxit

68 3081 240 3147 vestemque
255 3070 350 3129 sorori
364 3070 565 3150 perferendam
578 3070 700 3129 curavit.
715 3072 778 3142 Qua
796 3085 846 3124 co·

66 3157 153 3237 guita
172 3160 282 3217 Procne
302 3159 473 3237 gravissimo
496 3159 599 3219 dolore
622 3171 760 3235 correpta
784 3175 844 3212 non

68 3245 166 3304 solum
188 3245 328 3306 ultionem
352 3247 523 3307 sumendam
541 3247 697 3307 demerito
719 3243 845 3304 barbaro

68 3333 230 3408 constituit,
242 3335 390 3395 sedetiam
403 3357 533 3396 sororem
547 3336 671 3396 liberare
684 3334 785 3394 uoluit.
800 3330 844 3392 Ad

68 3435 230 3501 utrumqne
243 3423 394 3484 consilium
412 3425 629 3504 exsequendum
645 3420 846 3504 orgiisBacchi

70 3529 127 3570 usa
141 3530 286 3571 carcerem
301 3514 417 3592 aperuit
431 3515 704 3593 communicatoque
723 3509 846 3571 consilio

69 3617 139 3658 curn
164 3619 264 3659 sorore
283 3604 350 3678 Ityn
370 3603 582 3662 interfecerunt
607 3604 741 3683 patrique
768 3619 844 3678 epu·

71 3687 192 3746 laudum
209 3703 420 3769 apposuerunt.
437 3693 496 3765 Qui
519 3711 610 3770 quum
624 3693 731 3772 saepius
745 3687 851 3771 quaesi-

70 3777 162 3835 risset
173 3781 250 3855 Ityn,
269 3778 385 3838 tandem
407 3781 556 3841 interemti
576 3795 665 3862 caput
687 3781 846 3858 sanguino-

71 3866 186 3924 lentum
214 3865 332 3926 allatum
357 3880 410 3926 est.
445 3872 512 3941 Quo
548 3882 706 3949 conspecto
736 3873 846 3927 Terens

71 3966 195 4032 stupens
220 3955 323 4014 stricto
342 3955 438 4036 gladio
460 3975 575 4017 sorores
590 3958 734 4036 fugientes
747 3977 845 4037 persc-

71 4054 160 4102 cutos
175 4055 235 4118 est,
245 4043 339 4103 donec
355 4044 401 4103 dei
415 4045 608 4106 commiserati
619 4045 734 4105 illarum
752 4047 846 4104 lortu·

72 4151 142 4191 narn
158 4135 289 4191 Procnen
308 4132 339 4191 iu
365 4133 528 4207 lusciniam,
546 4135 736 4196 Philomelam
751 4137 780 4193 in
799 4136 847 4194 hi·

74 4219 243 4300 rundinem,
269 4225 392 4281 Tereum
415 4222 446 4281 iu
474 4243 603 4302 upupam
637 4225 787 4284 lusciniam
819 4237 849 4285 et

1607 477 1661 534 8·ss

898 577 975 638 idern
987 582 1141 642 Pausanias
1152 582 1248 660 docet,
1262 591 1314 666 qui
1328 590 1449 650 eandem
1469 594 1595 659 sabotam
1609 592 1666 678 i‚5

898 681 927 726 et
939 673 980 742 X,
996 680 1024 744 4,
1039 673 1057 728 6
1072 673 1157 731 aliter
1170 689 1277 736 narrat.
1296 682 1336 737 At
1350 680 1493 742 Hesiodus
1508 685 1577 767 (Op.
1595 691 1666 773 570)

897 757 1052 818 Pandionis
1067 761 1156 820 liliam
1171 778 1320 839 memorat,
1332 785 1397 845 quae
1414 784 1498 830 acuta
1516 787 1545 834 et
1561 771 1666 840 sonora

897 865 971 905 voce
983 847 1071 907 luerit
1085 849 1216 927 praedita.
1229 855 1314 914 Varia
1330 857 1416 916 etiarn
1436 858 1473 919 de
1489 868 1582 925 Tereo
1597 887 1665 928 nar-

899 949 1019 1013 rantur,
1037 957 1126 1014 quem
1147 940 1197 999 alii
1210 942 1367 1018 Thracem,
1389 946 1438 1006 alii
1456 951 1603 1030 Odrysam
1622 957 1666 1018 la·-

898 1025 995 1100 ciuut,
1011 1026 1060 1086 alii
1080 1027 1206 1088 Daulide
1229 1030 1372 1092 habitasse
1389 1037 1485 1116 aiunt,
1505 1043 1585 1102 unde
1599 1064 1668 1108 ares

898 1113 1090 1174 Daulideuses
1103 1116 1187 1177 dictae
1204 1133 1282 1191 sunt,
1294 1122 1419 1202 ideoque
1439 1128 1467 1184 in
1490 1149 1620 1210 upupam
1633 1137 1668 1193 li-

896 1205 970 1263 lium
987 1219 1163 1283 quaereutem
1186 1229 1357 1272 conversum
1379 1215 1490 1290 volunt,
1514 1222 1581 1298 quia
1606 1223 1668 1285 haec

898 1295 960 1353 avis
981 1313 1087 1354 sonum
1108 1295 1175 1355 edat
1193 1300 1259 1358 voci
1280 1305 1330 1359 ποῦ
1351 1307 1403 1362 ποῦ
1423 1305 1554 1368 similem.
1576 1311 1666 1374 Thuc.

898 1386 943 1453 11,
966 1400 1020 1459 ²93
1034 1383 1137 1442 Catull.
1155 1389 1247 1464 va,
1268 1390 1302 1446 13
1317 1400 1346 1448 et
1367 1399 1418 1464 rt,
1433 1409 1510 1454 auct.
1527 1401 1614 1459 Cous.
1629 1403 1666 1462 ad

896 1469 961 1529 Liv.
978 1471 1042 1529 106.

935 1563 1109 1636 Fragmenta
1134 1563 1282 1640 tragoediae
1300 1586 1359 1624 non
1380 1570 1420 1627 ito
1441 1590 1533 1649 pauca
1554 1565 1666 1640 servan

897 1658 974 1720 sunt,
989 1647 1039 1706 sed
1050 1661 1119 1708 suut
1135 1651 1289 1728 ejusmodi,
1305 1666 1337 1712 ut
1350 1676 1409 1714 non
1424 1675 1576 1742 appareat,
1593 1685 1668 1746 quo-

898 1735 986 1796 modo
1017 1738 1178 1816 composita
1214 1740 1311 1800 fuerit.
1342 1745 1513 1808 Aristoteles
1537 1752 1666 1831 (Poetic.

896 1824 979 1904 XVl)
992 1825 1170 1902 agnitionem
1183 1826 1212 1885 in
1232 1831 1326 1888 Tereo
1351 1833 1457 1892 iactam
1483 1835 1526 1896 ded
1549 1843 1666 1922 κιρκῐδος

897 1911 985 1992 φωνὴν
1003 1926 1153 1973 memorat.
1167 1916 1198 1975 si
1210 1936 1315 1976 sonum
1330 1919 1407 1980 radii
1418 1923 1560 1986 intellexit
1574 1929 1666 2009 (locus

897 2001 974 2060 enirn
993 2000 1135 2062 obscurus
1150 2003 1218 2084 est),
1237 2007 1396 2086 Sophocles
1417 2013 1564 2092 vulgarem
1587 2021 1667 2080 anti·

898 2091 1017 2169 quitatis
1041 2093 1212 2152 memoriam
1235 2108 1350 2156 secutus
1365 2118 1433 2159 >esse
1456 2123 1515 2161 nou
1540 2105 1666 2182 ridetur,

897 2178 947 2238 sed
971 2178 1051 2238 aliud
1076 2180 1146 2258 quid
1168 2197 1363 2260 commentus,
1382 2208 1441 2267 quo
1461 2190 1621 2256 Philomela
1649 2219 1666 2258 a

897 2273 1008 2326 Procna
1022 2280 1202 2344 nosceretur,
1217 2272 1237 2331 i.
1253 2293 1278 2332 e.
1294 2293 1364 2334 voce
1375 2276 1460 2337 radii.
1474 2285 1577 2361 Neque
1589 2286 1666 2346 enirn

898 2367 1041 2414 texturam
1061 2357 1154 2435 ipsam
1172 2359 1381 2437 intellexerim,
1399 2386 1463 2444 quae
1479 2369 1666 2434 Philomelam

898 2443 1070 2522 prodiderit,
1085 2445 1117 2503 id
1132 2447 1211 2524 quod
1225 2451 1356 2511 nonnulli
1367 2453 1540 2536 interpretes
1557 2463 1666 2541 opinati

897 2545 973 2601 sunt,
986 2533 1055 2610 quia
1068 2532 1237 2594 Aristoteles
1258 2538 1315 2595 alio
1330 2541 1419 2601 modo
1432 2545 1463 2602 id
1482 2553 1665 2625 expresserit.

897 2619 990 2700 idque
1004 2641 1039 2681 eo
1051 2623 1142 2700 magis
1151 2624 1289 2685 credibile
1303 2641 1355 2702 est,
1367 2634 1506 2708 quoniam
1519 2639 1622 2699 melius
1636 2641 1665 2699 iu

897 2730 981 2769 scena
991 2711 1055 2789 ipsa
1069 2713 1329 2790 repraesentabatur
1340 2721 1465 2798 agnitio,
1475 2743 1569 2802 neque
1579 2730 1666 2788 vestis

899 2811 976 2858 texta
993 2803 1086 2858 Tereo
1101 2801 1275 2880 prohibente
1296 2805 1332 2865 ad
1348 2812 1480 2870 Procnen
1494 2813 1578 2874 sacile
1590 2817 1665 2878 mitti

897 2889 1003 2970 potuit.
1024 2893 1104 2950 Sono
1128 2891 1215 2967 radii,
1234 2913 1321 2973 quern
1342 2897 1418 2958 sorte
1440 2901 1531 2961 audiit
1544 2909 1665 2980 Procne,

898 2978 1060 3038 recordatio
1084 2981 1186 3058 patriae
1207 2985 1351 3044 excitatur
1372 3002 1402 3048 et
1422 3009 1511 3068 quom
1538 2993 1667 3073 inquirat

897 3067 1080 3147 diligentius,
1099 3069 1258 3132 Philomela
1279 3077 1411 3137 custodia
1431 3080 1543 3140 inclusa
1562 3083 1667 3165 detegi·

898 3171 955 3216 tur.
978 3157 1145 3236 Simplicior
1167 3174 1211 3220 est
1234 3163 1296 3222 baec
1319 3167 1404 3242 ratio,
1425 3189 1513 3247 quam
1528 3184 1560 3231 ut
1576 3172 1668 3234 literae

899 3245 971 3306 vesti
987 3247 1104 3306 intextae
1117 3247 1327 3330 intelligantur.
1342 3257 1448 3316 Putant
1461 3259 1491 3317 in
1506 3261 1570 3338 ipsa
1583 3283 1667 3323 scena

898 3355 1013 3396 sorores
1036 3349 1065 3396 et
1085 3342 1209 3399 Tereum
1231 3341 1262 3400 iu
1281 3363 1350 3403 aves
1376 3345 1498 3420 abiisse,
1532 3349 1562 3409 id
1587 3351 1667 3432 quod

899 3425 1039 3504 colligunt
1056 3447 1092 3485 ex
1110 3427 1257 3507 aristoph.
1271 3431 1358 3491 trib.
1376 3453 1445 3494 roo:

977 3567 1097 3627 Τοιαῦτα
1114 3567 1205 3646 pieros
1221 3569 1373 3654 Σιροκλέης
1383 3575 1540 3653 λυμαίνεται

978 3655 1004 3713 ἓν
1018 3664 1075 3723 ταῖς
1088 3657 1275 3740 τραγῳδίαισιν
1293 3659 1342 3739 tpt
1354 3663 1398 3722 τὸν
1414 3661 1516 3747 Τηρία.
1591 3715 1594 3724 .

899 3797 934 3856 ad
947 3819 1012 3876 quae
1023 3799 1195 3860 scholiasta:
1210 3802 1293 3883 [509]
1312 3803 1360 3866 ’Ee
1376 3803 1428 3888 γὰρ
1451 3810 1489 3888 τῷ
1512 3809 1597 3892 Τηρεῖ
1612 3811 1668 3873 Σο-

898 3888 997 3969 φοκλῆς
1022 3887 1145 3961 incinere
1173 3890 1252 3951 αὐτὸν
1283 3893 1504 3976 ἁπωρνιθωμίναν
1540 3899 1585 3958 καὶ
1619 3899 1668 3974 τὴν

900 3973 1032 4056 Πρόκνην·
1047 3977 1073 4036 ἐν
1086 3967 1109 4058 ᾧ
1123 3976 1227 4060 decerpe
1240 3979 1327 4040 stolii:
1338 3981 1382 4042 eis
1392 3981 1494 4065 Τηρέα.
1509 3991 1606 4048 Locus
1620 4003 1669 4050 aut

899 4084 1015 4123 mancus
1030 4080 1073 4125 cst
1087 4079 1137 4125 aut
1149 4068 1283 4148 imperite
1294 4091 1311 4130 a
1324 4071 1480 4134 scholiasta
1492 4077 1668 4156 explicatus3

899 4156 928 4202 at
944 4165 1030 4204 exeo
1048 4147 1145 4225 colligi
1167 4168 1228 4208 nun
1249 4165 1346 4228 potest
1368 4153 1483 4233 inipsa
1498 4177 1582 4216 scena
1597 4165 1669 4218 Pro·

899 4252 972 4292 cnen
984 4246 1014 4293 et
1025 4238 1146 4294 Tereum
1160 4235 1190 4294 iu
1206 4257 1274 4298 aves
1289 4259 1352 4300 csse
1369 4262 1534 4304 conversos.
1546 4251 1669 4307 Praeter-

72 4309 264 4369 hirundinem
278 4311 364 4370 etiam
383 4331 462 4371 nunc
479 4327 699 4393 persequentem
723 4334 848 4374 conver·
899 4341 932 4380 ea
950 4322 1030 4400 quod
1051 4323 1092 4383 ait
1110 4327 1251 4386 Horatius
1270 4329 1312 4406 (A.
1328 4333 1359 4387 Ρ.
1382 4331 1492 4408 187):.
1507 4339 1551 4393 Ne
1568 4355 1669 4397 coram

75 4410 187 4458 terunt.
202 4399 335 4458 lliruudo
352 4421 452 4461 vocem
470 4403 592 4462 desectae
610 4415 660 4462 aut
677 4404 773 4464 scissae
793 4405 849 4464 liu·
900 4412 1010 4489 populo
1024 4412 1054 4471 in
1079 4432 1163 4472 arem
1186 4418 1298 4476 Procne
1318 4431 1479 4492 sertatum·
1495 4422 1562 4481 satis
1583 4424 1670 4486 docet

74 4507 140 4566 guae
154 4487 253 4560 refert,
273 4488 342 4547 dum
362 4489 492 4550 lusciuiae
512 4505 612 4552 cantus
633 4493 735 4572 plenus
756 4507 799 4552 est
818 4508 848 4553 et
899 4499 972 4560 illud
1000 4521 1057 4559 non
1083 4523 1145 4562 esse
1172 4504 1398 4565 adscribendum
1422 4509 1562 4586 Sophocli
1588 4515 1671 4591 quod*

74 4595 213 4638 sonorus.
227 4577 374 4650 Quocirca
388 4581 512 4640 seriores
527 4581 686 4661 scriptores
699 4603 758 4642 non
770 4597 848 4644 recte
899 4591 1037 4650 Horatius
1051 4592 1113 4651 lieri
1127 4612 1213 4672 posse
1230 4607 1315 4672 negat
1328 4598 1359 4653 in
1372 4597 1512 4674 tragoedia
1525 4620 1531 4656 :
1545 4601 1595 4678 qui
1609 4623 1667 4662 uon

74 4664 268 4726 Philomelam
284 4667 447 4743 lusciniam,
457 4675 587 4730 Procnen
605 4671 790 4733 hirundinem
806 4675 849 4734 le·
902 4690 958 4737 tam
986 4681 1154 4758 simpliciter
1177 4683 1207 4742 id
1233 4683 1484 4762 reprehendisset,
1509 4689 1534 4746 si
1555 4703 1667 4751 exstare

76 4766 191 4814 cerunt
900 4769 1065 4847 exemplum
1078 4770 1231 4848 Sophoclis
1241 4771 1378 4830 scivisset.

118 4846 191 4915 Quae
204 4863 381 4924 quamquam
394 4845 446 4919 ita,
462 4857 496 4907 ut
508 4847 581 4928 dixi,
599 4849 771 4930 plerumque
785 4873 848 4912 nar·
940 4857 1066 4916 Chorum
1085 4857 1230 4936 tragoediae
1249 4862 1417 4920 Welclrerus
1442 4883 1479 4922 ex
1498 4864 1667 4938 Thracibus,

77 4944 196 5007 rantur,
209 4947 276 4993 stant
291 4947 387 4994 tamen
407 4937 437 4996 in
458 4937 565 5017 quibus
584 4939 740 5020 scriptores
760 4942 849 5002 difle-
900 4945 951 5023 qui
964 4945 1088 5005 Daulida
1105 4945 1275 5023 habitarint,
1289 4951 1483 5029 compositum
1503 4953 1591 5013 foisse
1608 4975 1667 5033 pu·

78 5033 156 5079 rant.
168 5022 255 5101 Apud
270 5027 430 5085 Homerum
441 5027 563 5087 luscinia
573 5028 713 5090 Pandarei
723 5031 780 5091 lilia
794 5045 849 5112 est,
903 5045 951 5092 tat.
970 5034 1076 5093 Procul
1095 5034 1186 5095 dubio
1200 5037 1291 5097 multa
1305 5037 1466 5116 agebantur
1484 5040 1514 5100 in
1530 5041 1668 5121 tragoedia

78 5127 145 5186 quae
165 5129 249 5170 suum
270 5132 307 5170 ex
326 5114 420 5173 Zetho
440 5113 535 5200 ⁶lilium
550 5134 603 5194 per
623 5115 849 5195 imprudentiam
900 5139 965 5203 tynae
978 5124 1097 5186 celanda
1108 5139 1191 5187 erant
1203 5132 1343 5202 Tereum,
1358 5141 1390 5188 ut
1411 5131 1495 5190 facile
1512 5132 1666 5209 quisPro-

80 5209 140 5270 aut,
154 5209 186 5256 ut
197 5199 474 5283 aitPausanias(lX,
486 5203 517 5280 5,
530 5203 569 5283 5),
582 5203 781 5283 perdelicrum
795 5229 848 5268 oc-
901 5233 962 5273 cuae
976 5214 1096 5275 comites
1108 5217 1198 5296 magis
1214 5219 1384 5278 convenisse
1399 5219 1491 5279 choro
1505 5221 1665 5295 existimem

81 5283 164 5345 cidit.
178 5285 213 5346 ld
226 5301 322 5348 autern
333 5291 458 5352 alienum
472 5292 527 5352 luit
540 5313 556 5352 a
571 5293 677 5372 mythis
697 5299 808 5376 Atticis,
821 5314 853 5360 ut
901 5302 1113 5381 at-lragrnenta
1133 5319 1200 5366 suut
1224 5305 1367 5386 ejusmodi
1387 5319 1420 5366 ut
1440 5329 1474 5369 ea
1497 5309 1667 5370 mulieribus
