3650 5798
643 421 853 488 soefloctts
872 421 1120 488 FRAGMENTA.

79 558 178 632 Quod
196 575 248 634 ego
264 559 294 616 'm
313 557 369 616 acie
379 555 474 614 crebro
483 555 622 629 objectans
635 553 719 611 vitam
731 549 859 610 bellando
910 552 1080 631 κιδαιμόνιιι,
1098 553 1226 636 βασιλίσιν
1242 555 1295 616 dli
1310 555 1393 637 μίγας
1403 558 1576 645 Ἀλέξανδρος,
1594 566 1671 626 ἰδιω-

910 643 965 698 τῶν·
977 639 1005 700 dl
1020 643 1157 725 Σοφοκλῆς
1172 648 1188 705 d
1201 645 1337 727 τραγικὸς,
1360 645 1386 713 ὃς
1404 648 1450 707 καὶ
1470 650 1523 722 dar,
1536 653 1610 734 pasl,
1625 654 1673 726 rdet

516 643 595 708 aptus
608 649 682 690 sum.
700 647 703 654 ·

84 765 207 824 {teinde
220 763 356 824 adversus
367 765 495 824 Orestem
508 758 702 840 reprobraos:

88 896 128 952 Et
142 896 290 954 obnoxium
302 911 362 954 esse
374 902 423 953 aut
433 896 545 952 brutum
557 902 606 952 aut
619 894 756 966 elinguem
768 897 858 964 putes.

85 1022 262 1080 Hermionae
274 1021 441 1081 Welclxerus
454 1019 573 1080 tribuit:

89 1163 288 1234 Quantumque
304 1177 336 1218 ex
352 1158 528 1218 discorditate
541 1158 647 1296 cladielm
660 1158 807 1232 importem
820 1155 859 1212 ia-

91 1335 143 1405 Et,
572 1255 601 1296 m
622 1254 666 1296 ια.

91 1463 191 1534 Quum
199 1474 287 1534 oeque
294 1475 338 1517 me
350 1457 490 1533 adspicere
501 1455 621 1530 aequales
627 1454 773 1530 dignarent
779 1469 858 1512 meae.

92 1589 141 1643 Eo
159 1583 266 1642 scilieet
287 1596 418 1662 tempore
445 1582 544 1642 Oresti
571 1598 633 1640 sese
653 1592 773 1658 nuptam
797 1597 859 1636 esse

92 1673 148 1744 ait,
162 1693 220 1750 quo
235 1692 324 1751 quum
343 1683 434 1729 mater
444 1669 540 1747 Trojae
553 1668 648 1742 luerit,
662 1687 679 1726 a
691 1667 750 1726 suis
760 1685 859 1744 aequa-

92 1761 173 1820 libus
185 1772 328 1820 contemta
342 1761 388 1819 eit.
403 1760 523 1838 Reliqua
534 1755 710 1836 perobscura
724 1766 801 1814 sunt.

138 1848 251 1908 Chorus
264 1849 385 1907 fortasse
397 1847 579 1907 sacerdotum
589 1844 659 1918 Γαίος
672 1863 767 1921 neque
782 1844 860 1901 enim

92 1934 238 1997 credibile
265 1948 322 2007 est,
344 1937 368 1996 si
386 1933 573 2014 Neoptolemi
597 1932 751 1992 comitibus
774 1931 862 1990 luerit

912 729 1061 811 llhovrpiac
1083 732 1212 806 ἐδίδασκε,
1231 732 1262 792 ab
1285 738 1332 806 τῆς
1355 733 1508 805 Ναυσικᾶας
1531 741 1673 820 πρόσωπον

911 807 1009 891 σφαίρᾳ
1025 811 1166 885 παιζούσης
1178 814 1394 894 ὑποκρινόμενος,
1408 816 1521 897 ἰσχυρῶς
1533 819 1674 900 εὐδοκίμη-

911 917 965 953 σιν.
980 896 1081 956 Athen.
1092 903 1116 974 1,
1123 920 1152 978 p.
1166 905 1244 969 ao,E
1257 901 1412 980 ιΣοφοκλῆς
1421 901 1673 988 ἄκρωςέσφαίρισιν,

911 981 954 1042 dre
967 983 1014 1057 τὴν
1028 985 1180 1046 Ναυσικάαν
1192 991 1300 1061 καθῆκα.
1314 989 1424 1049 Eadem
1438 992 1498 1050 iere
1514 991 1602 1052 habet
1611 998 1675 1054 En-

911 1072 997 1130 statb.
1013 1091 1041 1150 p.
1057 1074 1125 1146 381,
1143 1094 1187 1134 ao.
1678 1125 1682 1136 .

950 1164 995 1219 De
1019 1162 1230 1239 compositione
1256 1151 1360 1222 iabulae
1389 1165 1462 1223 nihil
1490 1178 1592 1225 notum
1622 1181 1674 1227 cst.

912 1251 1009 1320 Quum
1023 1267 1094 1308 vero
1107 1250 1181 1308 nihil
1193 1251 1230 1309 sit
1242 1251 1271 1308 in
1291 1251 1439 1329 tragoedia,
1458 1253 1675 1332 quodprorsus

911 1356 977 1394 casu
996 1336 1135 1397 accidisse
1156 1357 1286 1413 censeas,
1311 1341 1462 1414 Minervae,
1484 1341 1565 1418 crrjus
1584 1361 1676 1420 opera

911 1423 988 1501 apud
1013 1429 1173 1485 Homerum
1200 1439 1391 1502 memoratur,
1414 1429 1505 1487 nullas
1529 1440 1625 1507 partes
1644 1430 1674 1486 in

912 1513 1049 1591 tragoedia
1069 1515 1157 1574 inisse
1178 1534 1237 1574 non
1260 1509 1403 1575 existimo.
1426 1517 1569 1586 Quocirca
1588 1529 1675 1596 poeta

911 1600 941 1657 in
956 1600 1033 1660 hunc
1053 1601 1112 1662 iere
1132 1603 1250 1661 modum
1268 1604 1389 1664 sortasse
1411 1604 1566 1664 adornavit
1589 1605 1675 1664 iabu-

912 1687 991 1745 lam:
1013 1689 1146 1749 Minerva
1163 1690 1247 1748 initio
1271 1690 1437 1751 introducta
1462 1692 1675 1769 spectatoribus

912 1776 1034 1852 exponit
1042 1777 1157 1836 Ulixem
1167 1779 1338 1857 naufragum
1350 1780 1381 1838 in
1390 1779 1512 1839 insulam
1522 1779 1673 1841 Phaeacum

912 1862 1034 1942 ejectum
1053 1866 1220 1926 lassitudine
1239 1887 1412 1947 oppresspm
1427 1888 1529 1927 somrm
1544 1890 1608 1930 sese
1621 1871 1675 1931 de-

913 1953 988 2012 disse
1010 1953 1267 2034 absconditamque
1301 1975 1363 2015 esse
1395 1957 1535 2031 arbustis,
1570 1958 1676 2020 deinde

913 2041 1039 2101 ostendit
1057 2044 1126 2121 quid
1147 2045 1271 2119 iecisset,
1292 2059 1325 2104 ut
1344 2045 1484 2105 Nausicaa
1502 2045 1606 2106 eodem
1620 2067 1675 2107 ve-

913 2128 1003 2204 niret,
1025 2131 1154 2210 quidque
1186 2152 1241 2211 pro
1265 2134 1351 2193 Ulixe
1374 2145 1449 2192 essct
1468 2133 1587 2192 iactura.
1609 2139 1676 2208 Quo

913 2216 989 2276 iacto
1010 2221 1152 2280 Nausicaa
1169 2241 1235 2280 cum
1259 2219 1406 2280 sodalibus
1423 2220 1579 2280 intervenit
1600 2223 1677 2284 inter

914 2325 1012 2366 omnes
1023 2307 1072 2366 illa
1080 2328 1139 2367 nna
1148 2309 1305 2388 conspicua
1316 2329 1381 2369 cum
1394 2328 1491 2382 curru,
1502 2328 1560 2387 quo
1573 2323 1675 2386 vestes,

334 2357 618 2450 ODYSSEA
914 2415 985 2472 quas
1005 2396 1107 2455 loturae
1135 2408 1217 2455 erant
1237 2409 1287 2455 aut
1312 2397 1456 2468 laverant,
1487 2397 1676 2460 vehebantur.

228 2522 423 2585 NAUSICAA
443 2540 514 2584 sm
534 2520 720 2583 LOTRIOES
914 2481 1026 2543 Ludere
1037 2484 1181 2562 incipiunt
1197 2484 1265 2562 pila,
1278 2496 1365 2562 atque
1376 2485 1417 2543 ita
1436 2483 1553 2558 accidit,
1568 2498 1601 2543 ut
1613 2487 1676 2546 Uli·

723 2567 731 2581 “
915 2591 964 2632 xes
978 2571 1037 2651 pila
1058 2592 1210 2653 percussus
1226 2592 1263 2630 ex
1284 2592 1387 2632 somno
1409 2571 1549 2631 excitetur
1565 2575 1678 2633 miseri-

144 2656 228 2715 Valde
239 2655 352 2714 diversa
366 2666 433 2712 sunt
447 2653 578 2713 virorum
589 2652 742 2712 doctorum
752 2651 864 2732 judicia
915 2663 1099 2740 mediamque
1115 2663 1262 2721 Nausicaae
1282 2661 1427 2741 imploret.
1446 2661 1577 2740 Reliqua
1604 2663 1674 2722 dum

92 2745 139 2806 de
155 2744 261 2818 11111111,
281 2763 345 2822 111111
360 2743 501 2801 Nausicaa
521 2742 732 2820 11151111111111111
748 2763 755 2800 1
776 2762 862 2821 11111111
916 2751 1038 2832 lugiunt,
1050 2769 1066 2808 a
1080 2751 1189 2828 virgine
1205 2750 1355 2828 recipitur,
1367 2749 1494 2823 lavacro,
1506 2762 1593 2824 veste,
1609 2750 1676 2811 cibo

94 2847 168 2894 suut
184 2834 234 2912 qni
249 2832 375 2890 fabulam
387 2830 540 2909 satyricam
553 2830 639 2889 fuisse
653 2843 803 2904 censeant,
816 2831 865 2890 alii
914 2851 1072 2913 rect-eatur,
1085 2839 1281 2915 auxiliumque
1297 2837 1324 2896 ei
1340 2837 1527 2916 promittitur,
1543 2858 1602 2916 qut,
1616 2841 1675 2898 521.

93 2921 282 3002 tragoediam·
306 2925 406 2998 Neque
420 2940 491 2980 vero
508 2931 559 2978 1111
578 2919 609 2978 111
627 2919 794 2998 1116111111ῑί1
814 2935 864 2979 aut
916 2949 969 2988 vus
993 2929 1022 2986 in
1049 2927 1171 3006 patriam
1195 2926 1358 2985 reducatur.
1387 2926 1504 2986 Summa
1531 2926 1678 3006 tragoediae

94 3015 133 3072 in
155 3010 293 3070 memoria
317 3009 496 3086 antiquitatis
517 3008 674 3086 quidquam
703 3008 865 3087 reperitur,
915 3018 976 3077 sine
993 3015 1085 3076 dubio
1096 3015 1126 3074 in
1140 3035 1175 3074 eo
1186 3014 1366 3086 versabatur,
1375 3013 1453 3092 qnod
1463 3014 1603 3074 Nausicaa
1612 3014 1678 3073 viro

94 3120 162 3179 quo
189 3101 338 3158 evincatur
365 3097 490 3157 fabulam
510 3097 663 3174 satyricam
685 3097 787 3170 luisse,
808 3099 864 3157 nisi
914 3105 1075 3185 improviso
1089 3113 1246 3181 apparente
1260 3101 1405 3181 intrepida
1421 3101 1599 3176 remanebat,
1613 3123 1680 3182 pre·

96 3188 182 3266 ‹prod
191 3188 298 3267 inagro
310 3199 452 3246 mansacta
462 3204 624 3264 currusque
634 3204 652 3244 a
664 3186 864 3245 molistractos
916 3213 963 3252 ces
977 3191 1111 3252 audiebat
1123 3191 1263 3249 auxilium
1273 3190 1466 3269 implorantis,
1481 3191 1599 3250 tutelam
1614 3191 1680 3271 pol-

96 3279 418 3336 inscenamonstratus
434 3288 486 3335 est.
503 3273 591 3351 Cujus
609 3274 756 3332 sententiae
771 3285 864 3333 tamen
916 3283 1060 3342 licebitne
1082 3301 1163 3341 suam
1189 3281 1328 3359 Ulixique
1352 3280 1479 3340 reditum
1504 3281 1534 3339 in
1557 3282 1679 3358 patriam

97 3377 236 3423 evectores
250 3377 318 3423 sunt
329 3363 525 3436 casaubonus,
533 3362 746 3435 Valckenarius,
755 3361 867 3420 Lessio-
918 3384 983 3450 post
1000 3372 1117 3449 longum
1129 3388 1265 3428 errorem,

98 3453 177 3532 gius.
193 3453 251 3511 xlii
265 3453 368 3531 procul
390 3451 481 3510 dubio
500 3451 606 3510 rectius
619 3449 801 3526 judicarunt,
816 3449 864 3527 qui
956 3457 1110 3537 Tragoedia
1124 3475 1298 3534 quamquam
1315 3454 1369 3513 fuit
1383 3456 1513 3514 munium
1529 3453 1679 3532 simplicis.

99 3539 272 3619 tragoediam
296 3541 383 3600 foisse
406 3551 588 3599 censuerunt·
610 3543 712 3616 1111111111
735 3537 811 3595 1111111
836 3548 868 3595 111
918 3548 998 3620 silua,
1015 3559 1110 3604 tamen
1122 3545 1212 3603 multa
1224 3541 1402 3619 continebat,
1417 3542 1523 3620 quibus
1535 3542 1681 3604 auditores

99 3627 229 3706 satyrica
251 3627 348 3687 sabula
372 3640 562 3697 memoratum
580 3627 670 3686 immo
684 3626 790 3686 diserte
805 3639 866 3685 1111-
918 3655 984 3693 cum
1002 3633 1152 3712 voluptate
1167 3633 1370 3691 retinerentur.
1386 3635 1516 3709 Ingenua
1532 3633 1682 3690 Nausicaae

98 3719 168 3798 gica
189 3717 295 3776 dicitur
317 3739 333 3776 a
357 3717 446 3776 schol.
469 3715 505 3775 ad
531 3716 612 3776 lliad.
633 3717 674 3788 Γ,
699 3715 751 3789 54,
774 3735 867 3794 neque
919 3723 1094 3802 simplicitas,
1109 3723 1221 3781 animus
1237 3718 1413 3796 vereregios
1427 3719 1456 3777 in
1476 3719 1582 3796 puella,
1595 3719 1681 3780 ludus

101 3805 260 3886 quidquam
285 3807 437 3885 reperitur,
460 3805 538 3884 quod
561 3805 687 3888 alienum
707 3805 777 3863 sita
798 3823 866 3882 gra·
919 3813 1012 3888 chori,
1024 3810 1089 3889 pilae
1103 3811 1187 3882 lusio,
1197 3829 1254 3887 (tua
1263 3805 1420 3866 excellebat
1431 3807 1579 3883 Nausicaa,
1589 3809 1682 3868 Ulixis

103 3897 194 3956 11111111
213 3895 334 3974 imilco,
358 3895 447 3953 111111111
465 3912 554 3964 vero,
575 3912 638 3971 (11111
658 3891 832 3952 1111011Ὲὸ11
851 3912 868 3950 a
919 3902 1110 3973 interventus,
1124 3899 1211 3976 hujus
1225 3896 1356 3955 conditio
1375 3895 1550 3966 miseranda,
1564 3897 1682 3976 virginis

102 3985 196 4042 choro
210 3995 374 4060 satyrorum
387 4001 452 4040 cum
477 3981 620 4041 1111111111
635 3980 800 4058 conjunct&
815 3985 869 4039 De·
920 3988 1077 4048 commotio
1091 3987 1193 4057 animi,
1216 3982 1321 4043 deinde
1332 3983 1379 4042 vir
1391 4002 1444 4061 per
1457 3984 1605 4044 mulierem
1621 4005 1683 4045 ser·

102 4075 194 4152 nique
218 4073 368 4150 permullae
397 4069 542 4149 ll'agoedlae
566 4071 597 4129 111
622 4089 692 4150 agro
720 4081 869 4129 transaclae
921 4091 1002 4137 vatus
1018 4089 1084 4157 post
1096 4089 1140 4135 tot
1151 4073 1227 4134 bella
1240 4085 1341 4152 totque
1356 4072 1487 4151 pericula
1500 4085 1578 4132 terra
1595 4076 1682 4135 mari·

103 4174 182 4223 sunt.
921 4188 979 4245 que
992 4177 1134 4244 superata.
1674 4241 1681 4248 α

146 4251 256 4313 Fabula
266 4252 352 4311 etiam
367 4247 514 4331 Πλύντριαι
529 4261 628 4309 vocata
642 4262 695 4322 est,
707 4251 775 4328 quia
791 4255 870 4312 Nau·
961 4260 1141 4332 Fragmenta,
1157 4270 1281 4331 quorum
1295 4269 1434 4309 numerus
1447 4262 1490 4309 est
1501 4252 1683 4330 perexiguus,

104 4341 193 4414 sieaa,
207 4353 239 4398 ut
252 4340 362 4398 elueret
376 4350 469 4398 vestes
483 4339 609 4398 instante
623 4337 818 4412 matrimonio,
834 4339 870 4398 ad
922 4345 1006 4403 facile
1022 4341 1162 4420 explicari
1174 4353 1303 4420 possunt.
1321 4338 1406 4412 Quod
1421 4338 1461 4396 ait
1473 4339 1575 4397 Pollux
1585 4345 1623 4413 X,
1637 4339 1684 4414 52,

107 4448 186 4488 mare
201 4447 266 4486 cum
281 4424 427 4486 sodalibus
450 4426 569 4486 exierat.
590 4429 654 4485 Hoc
674 4427 791 4485 nomine
811 4439 871 4486 tra·
921 4432 1004 4512 [247]
1024 4431 1175 4509 ιλαμπήνη
1186 4456 1198 4483 o
1210 4433 1236 4489 ἐν
1250 4431 1283 4508 τῇ
1297 4425 1437 4508 Ναυσικάα
1452 4447 1552 4487 ουσιαι
1564 4441 1684 4508 estque

106 4517 202 4598 goedia
227 4517 334 4574 ellatur
357 4514 393 4573 1111
417 4515 562 4592 1111111110
586 4526 615 4573 et
641 4513 803 4573 Eustsslth·
828 4519 871 4574 Ex
922 4519 1141 4580 advehebantur
1156 4531 1248 4578 vestes
1264 4516 1310 4574 vel
1324 4517 1388 4593 ipsa
1400 4516 1539 4574 Nausicaa
1554 4537 1618 4576 curn
1634 4537 1685 4576 co·

107 4606 216 4686 quibos
241 4606 310 4664 satis
332 4616 412 4663 certo
431 4603 615 4662 concluditur
635 4602 811 4682 Sophoclem
840 4605 872 4663 in
923 4606 1051 4666 mitibus.
1067 4611 1131 4666 Hoc
1153 4605 1272 4664 sortasse
1291 4601 1592 4678 indicatorflesychii
1609 4604 1684 4678 loco,

107 4693 310 4773 componenda
334 4692 471 4772 tragoedia
495 4712 552 4751 non
578 4692 726 4752 recessisse
749 4690 787 4750 ab
808 4697 870 4752 Ho-
923 4693 1070 4773 Λιμπήνη,
1084 4684 1150 4760 εἶδος
1163 4691 1266 4771 ἁμάξης
1279 4689 1321 4770 ἐφ’
1336 4679 1366 4760 ἧς
1380 4689 1684 4768 ὀχοῦνταιῦοιιοίιιάασ

109 4803 192 4842 mero
215 4801 310 4860 neque
336 4779 463 4839 dubitari
495 4799 596 4858 posse,
627 4779 698 4858 quin
725 4780 872 4854 Nausicaa
923 4784 1043 4862 intelligi
1062 4784 1185 4863 puellas,
1207 4797 1369 4859 quaecurru
1385 4776 1610 4838 advehebantur.
1626 4783 1686 4839 De·

108 4872 229 4934 comites
252 4868 384 4928 inchoro
403 4868 576 4928 introductae
589 4868 660 4942 sint,
680 4869 710 4928 id
725 4869 871 4948 quodne·
923 4871 993 4930 inde
1009 4890 1098 4949 quum
1112 4870 1326 4947 explicuissent,
1339 4886 1424 4945 quam
1441 4865 1478 4924 ab
1499 4887 1613 4926 cansam
1632 4888 1685 4926 re-

110 4963 188 5021 mine
209 4960 364 5038 Πλνντριῶν
386 4957 580 5016 corriirmatur.
612 4957 753 5016 Nausicaa
776 4971 870 5016 tamen
922 4961 1049 5032 nisscnt,
1071 4978 1129 5017 una
1144 4977 1180 5016 ex
1202 4957 1247 5031 iis,
1273 4956 1393 5015 sortasse
1412 4955 1564 5030 Nausicaa,
1577 4957 1627 5030 ait,
1654 4955 1685 5015 id

110 5069 169 5108 non
184 5048 238 5107 iuit
251 5049 326 5105 inter
336 5043 500 5120 choreutas,
517 5057 549 5105 ut
560 5058 680 5124 apparet
694 5046 759 5104 loco
771 5051 871 5105 Eusta·
923 5051 1004 5126 qnod
1031 5058 1073 5104 est
1097 5045 1174 5124 apud
1210 5044 1333 5104 eundem
1365 5042 1511 5103 Pollucem
1536 5043 1685 5119 v11,t5:

111 5138 165 5200 thii
180 5157 209 5215 p.
231 5136 316 5210 1553,
334 5137 371 5194 63
386 5158 394 5193 ε
409 5133 488 5215 [246]
505 5133 632 5195 Μάλιστα
655 5132 698 5210 dl,
713 5134 801 5216 φασὶν,
812 5137 872 5194 ἐπε·
924 5133 1097 5206 Ἐπενδύσςς.
1110 5177 1117 5192 .
1129 5131 1256 5206 ,ληπτέον
1281 5133 1311 5192 ix
1333 5131 1385 5190 τῶν
1411 5129 1574 5214 Σοφοκλέους
1596 5131 1687 5192 Πλυν-

110 5223 264 5305 μιλήθηοαν
276 5220 382 5303 ὕστερον
398 5227 533 5309 σφαιρικῆς
545 5223 647 5283 πολεων
660 5221 708 5300 μὲν
724 5227 796 5304 κοινῇ
812 5227 870 5283 Λα·
922 5226 1016 5306 τριῶν·

92 2025 295 2103 compositus,
316 2023 353 2084 ab
364 2025 409 2084 his
426 2025 503 2083 illius
517 2021 622 2082 caedem
635 2041 694 2081 non
719 2021 861 2080 esse'vin-

92 2113 232 2172 dicatam.

431 2241 541 2260 -ὐ-
