3650 5798
42 431 1052 556 ummmmwwfflffl

601 486 812 517 v4(·v(,(v[vrrv·
861 486 951 509 tfv¹l⁷r
984 486 1052 507 (le

1062 426 1607 618 >mmmmn

442 712 1226 934 SOPHOCLIS

190 1107 813 1264 PERDITARUM

900 1105 1484 1250 FABULARUM

573 1350 1102 1540 FRAGMENTA.

787 1677 898 1697 *ι

190 1986 192 1990 .
264 1849 300 1950 1.
329 1842 605 1948 asanaa
631 1837 718 1941 ne
741 1831 956 1942 eveno
983 1832 1177 1941 anteo
1200 1834 1415 1943 ateva.

726 2073 957 2106 w

80 2265 190 2360 RES
214 2247 786 2351 TROICAE.-CYPRIA.

314 2433 562 2500 nasamone.

119 2592 267 2656 Dramatis
289 2589 419 2650 sincerus
442 2585 542 2644 titulus
569 2595 613 2642 est
634 2579 818 2666 Ἀλέξανδρος,

57 2703 114 2742 non
139 2697 174 2742 ut
196 2700 272 2760 saepe
302 2679 408 2737 citatur
430 2671 593 2755 Ἀλεξάνδρα.
608 2673 819 2750 Argumentum

58 2785 118 2831 erat
131 2767 343 2848 Parisagnitns
355 2775 384 2824 et
400 2774 534 2841 receptus
553 2781 569 2821 a
589 2761 705 2824 Priamo
723 2772 821 2839 patre,

58 2873 211 2938 postquam
225 2853 340 2915 inludis
354 2851 483 2911 omnium
493 2850 585 2908 victor·
592 2850 736 2908 evasisset.
746 2849 820 2910 Vide

59 2947 167 3024 Hygini
175 2945 244 3004 Fab.
255 2965 304 3023 9¹·
313 2941 498 3000 »Brnuclu'uc
508 2938 638 3017 Hyginus
649 2937 711 2997 haec
721 2937 819 2996 habet:

61 3037 220 3109 ·Priamus,
237 3031 443 3096 Laomedontis
459 3030 543 3102 lilios,
558 3049 648 3108 quum
658 3029 821 3108 complures

60 3122 167 3183 liberos
192 3121 313 3182 baberet
335 3140 372 3180 ex
401 3116 558 3178 concubitu
580 3115 707 3177 Hecubae
733 3116 820 3176 Cissei

60 3213 118 3273 sive
125 3213 278 3292 Dymantis
288 3211 361 3285 titiae,
373 3229 446 3268 uxor
454 3207 515 3285 ejus
528 3225 677 3285 praegnans
689 3206 822 3284 inquiete

61 3301 131 3360 vidit
147 3323 179 3361 se
191 3303 281 3361 lacem
294 3297 440 3358 ardentem
455 3313 557 3374 parere
567 3339 576 3368 ,
586 3315 623 3353 ex
637 3314 693 3372 qua
706 3313 823 3373 serpen-

62 3401 102 3448 tes
124 3390 265 3468 plurimos
286 3387 388 3445 exisse.
405 3383 439 3443 ld
465 3383 557 3441 visum
580 3401 669 3461 qnnm
690 3382 823 3441 omnibus

62 3477 276 3557 conjectoribus
296 3485 445 3532 narratum
462 3483 546 3539 esset,
564 3471 718 3549 imperant,
735 3470 822 3548 quid·

63 3565 131 3642 quid
147 3577 273 3644 pareret,
287 3573 411 3631 necaret,
426 3579 463 3619 ne
480 3558 508 3617 id
525 3559 625 3638 patriae
636 3559 725 3636 exitio
737 3559 822 3618 leret.

63 3655 215 3733 Postquam
235 3649 354 3713 Hecuba
368 3649 483 3729 peperit
501 3647 715 3721 Alexandrum,
739 3646 824 3706 datur

64 3738 288 3801 interficiendus.
300 3741 395 3810 Quem
406 3735 542 3795 satellites
558 3734 755 3793 misericordia
769 3756 822 3794 ex-

65 3841 236 3907 posuerunt,
250 3846 314 3886 eum
330 3837 460 3904 pastores
472 3841 527 3902 pro
539 3840 593 3880 suo
607 3820 665 3879 lilio
677 3835 823 3899 repertum

65 3911 253 3998 [expositum]
267 3913 428 3973 educarunt
441 3929 565 3988 eumque
581 3909 675 3968 Parim
690 3910 824 3968 nomina-

65 4019 177 4064 verunt.
192 4010 220 4064 ls
235 4023 324 4082 quum
345 4001 381 4059 ad
394 3997 534 4079 puberem
546 4009 658 4056 aetatem
674 3998 824 4076 pervenis-

66 4107 116 4164 set,
131 4095 235 4153 habuit
250 4106 363 4152 taurum
377 4091 407 4150 in
421 4089 539 4150 deliciis.
556 4093 623 4162 Quo
636 4108 725 4166 quum
737 4090 823 4148 satel-

67 4179 137 4251 lites,
145 4182 223 4240 missi
232 4182 368 4240 aPriamo
380 4191 412 4237 ut
421 4191 535 4237 taurum
546 4177 650 4255 aliquis
659 4177 824 4251 adduceret,

68 4269 225 4342 venissent,
242 4268 333 4348 quiin
348 4266 428 4326 athlo
441 4265 566 4339 funebri,
581 4264 659 4344 qnod
674 4266 700 4324 ei
720 4267 825 4342 fiebat,

68 4371 243 4436 poneretur,
257 4366 406 4434 caeperunt
420 4354 530 4414 Paridis
545 4368 658 4414 taurum
675 4354 826 4418 adducere.

68 4446 122 4517 Qui
136 4458 250 4506 secutus
263 4457 307 4504 est
323 4463 372 4504 eos
386 4456 415 4504 et
430 4441 598 4521 inquisivit,
618 4461 677 4520 quo
691 4461 757 4502 eum
773 4444 827 4504 dn·

69 4550 181 4606 cerent;
197 4536 238 4596 llli
250 4535 378 4594 indicant
391 4553 422 4593 se
435 4533 550 4592 eumad
567 4533 714 4594 Priamum
730 4533 825 4594 addu-

70 4640 131 4681 cere
142 4624 192 4703 [οἱ]
203 4625 252 4702 qui
265 4624 379 4682 vicisset
393 4622 468 4682 ludis
477 4620 648 4680 funebribus
660 4621 825 4683 Alexandri.

69 4709 118 4768 llle
138 4733 236 4771 amore
256 4713 391 4771 incensus
409 4712 484 4770 tauri
500 4710 544 4769 sui
558 4709 586 4768 in
603 4723 747 4769 certamen
771 4711 824 4770 de-

70 4798 212 4860 scenditet
221 4800 412 4874 omniavicit;
425 4799 526 4858 iratres
536 4818 651 4876 quoque
660 4819 727 4858 snos
736 4819 825 4878 supe·

71 4885 148 4944 ravit.
170 4886 326 4966 Indignaris
349 4885 522 4965 Deiphobus
546 4886 672 4965 gladium
698 4885 734 4944 ad
760 4907 825 4947 eum

71 4973 198 5050 strinxit,
218 4976 310 5034 atille
333 4975 362 5033 in
379 4995 457 5034 aram
482 4975 563 5034 Joris
583 4974 686 5034 Hercei
703 4975 824 5034 insiluit.

73 5059 154 5130 Quod
168 5081 256 5140 quum
277 5061 437 5122 Cassarrdra
460 5063 667 5123 vaticinaretur
682 5083 748 5122 eum
765 5064 826 5122 sra-

873 2241 967 2302 verbis
979 2255 1177 2321 argumentum
1192 2244 1296 2303 lanula
1309 2263 1455 2324 agnoscas.
1468 2249 1567 2327 Neque
1579 2249 1632 2310 du-

871 2329 975 2391 bitavit
987 2333 1055 2390 olim
1066 2333 1195 2409 Heynius
1214 2333 1250 2390 ad
1263 2333 1342 2412 virg.
1355 2338 1423 2394 AEn.
1436 2339 1473 2410 V,
1484 2339 1551 2413 320,
1563 2339 1633 2416 quin

872 2417 908 2477 ab
923 2419 1021 2498 aliquo
1033 2421 1157 2498 Tragico
1166 2463 1175 2494 ,
1191 2433 1224 2479 nt
1241 2420 1298 2493 ait,
1323 2421 1421 2481 sabula
1441 2423 1481 2482 ita
1494 2439 1632 2486 exornata

872 2519 954 2568 esset.
970 2512 1041 2567 Fere
1056 2508 1157 2567 eadem
1174 2521 1271 2568 narrat
1285 2509 1476 2587 Apollodorus
1498 2516 1561 2586 111,
1582 2534 1635 2587 ra,

873 2593 960 2654 5.Ait
980 2595 1056 2654 enim
1079 2595 1244 2670 Hecubam,
1262 2598 1413 2673 Dymantis
1434 2599 1538 2674 liliam,
1560 2599 1577 2672 ἢ
1599 2599 1636 2668 ὥς

871 2682 938 2750 τινές
953 2705 1018 2764 φασι
1032 2683 1166 2758 Κισσέως,
1180 2681 1198 2756 ἢ
1212 2685 1247 2752 ὡς
1262 2683 1346 2766 ἕτεροι
1359 2683 1464 2764 λέγουσι
1483 2687 1637 2770 Σαγγαρίου

871 2775 992 2850 ποταμοῦ
1003 2768 1049 2830 καὶ
1066 2769 1210 2846 Μετώπης,
1223 2772 1349 2852 primum
1364 2774 1512 2851 peperisse
1527 2779 1635 2835 Hecto-

872 2879 951 2934 rem;
964 2858 1069 2919 deinde
1083 2860 1188 2920 itemm
1203 2859 1320 2938 gravida
1334 2880 1424 2938 quum
1436 2875 1527 2934 esset,
1544 2863 1634 2923 lacem

873 2948 1019 3007 ardentem
1031 2969 1062 3008 se
1072 2949 1233 3027 parituram
1245 2961 1371 3027 putasse,
1383 2969 1419 3008 ex
1428 2969 1485 3028 qua
1495 2962 1555 3009 tota
1566 2951 1638 3012 urbs

872 3037 909 3095 sit
929 3037 1057 3096 incensa.
1077 3037 1224 3096 Priamum
1242 3049 1338 3096 autem
1357 3038 1472 3096 somnio
1488 3057 1637 3119 comperto

873 3124 910 3184 ab
921 3129 1024 3184 fisco
1038 3124 1173 3184 edoctum
1188 3124 1249 3184 lore
1271 3135 1303 3184 ut
1315 3144 1399 3203 puer,
1417 3144 1502 3204 quern
1518 3127 1637 3188 Hecuba

875 3215 1045 3293 peperisset,
1058 3213 1158 3292 patriae
1172 3213 1313 3292 perniciei
1326 3214 1440 3272 futurus
1453 3227 1537 3293 esset,
1545 3235 1639 3294 expo-

875 3301 1002 3362 nendum
1022 3301 1100 3361 bunc
1114 3301 1228 3360 dedisse
1250 3301 1367 3378 Agelao.
1391 3305 1455 3376 Quo
1473 3302 1549 3361 lacto
1566 3323 1638 3382 pne·

874 3409 940 3448 rum
958 3410 1013 3469 per
1035 3389 1164 3467 quinque
1177 3388 1239 3447 dies
1252 3408 1314 3448 esse
1332 3389 1472 3448 nutritum
1492 3391 1530 3450 ab
1553 3411 1639 3465 ursa,

875 3476 980 3536 deinde
994 3489 1160 3556 repertum,
1174 3487 1340 3548 servatum,
1354 3476 1526 3550 educatum,
1540 3481 1638 3538 uomi-

875 3578 1033 3642 natumque
1044 3564 1148 3624 Parim.
1163 3567 1259 3637 Quum
1271 3582 1342 3622 vero
1361 3563 1548 3638 adolevisset,
1565 3567 1637 3625 viri-

875 3652 930 3712 bus
942 3652 1016 3711 iuter
1037 3665 1169 3731 pastores
1185 3652 1355 3710 excelluisse
1372 3652 1639 3732 Alexandrumque,

875 3742 953 3818 qnod
968 3760 984 3799 a
1000 3740 1161 3800 latronibus
1173 3759 1274 3820 greges
1292 3751 1399 3799 tutatus
1411 3754 1490 3814 erat,
1503 3755 1639 3802 vocaturn

876 3848 970 3906 neque
983 3828 1024 3887 ita
1043 3828 1093 3887 diu
1114 3841 1180 3906 post
1196 3840 1332 3906 parentes
1352 3829 1501 3906 reperisse.
1524 3834 1636 3890 Nomen

876 3917 962 3990 servi,
975 3917 1025 3995 qui
1038 3917 1134 3978 Parim
1147 3916 1290 3995 exposuit,
1304 3916 1383 3994 apud
1396 3915 1593 3994 Asclepiadem
1609 3921 1639 3977 in

875 4005 1100 4083 Tragodumenis
1123 4005 1178 4063 luit
1208 4004 1366 4064 Archialas.
1388 4004 1454 4064 vid.
1482 4005 1569 4065 schol.
1602 4008 1639 4066 acl

876 4093 959 4152 Iliad.
971 4095 1003 4167 Γ,
1012 4093 1080 4162 325,
1095 4092 1193 4171 ibique
1207 4093 1350 4152 somnium
1363 4090 1497 4151 Hecubae.
1513 4094 1570 4154 Sed
1583 4094 1639 4154 hoc

876 4183 971 4262 ipsum
984 4182 1159 4242 documento
1182 4201 1244 4241 esse
1264 4193 1360 4259 potest
1377 4200 1438 4239 rem
1456 4181 1496 4239 ita
1507 4201 1568 4242 esse
1584 4197 1638 4242 tra-

876 4284 1010 4330 ctatama
1024 4271 1159 4349 Tragicis,
1176 4270 1246 4348 qnia
1257 4269 1444 4347 Asclepiades
1463 4288 1496 4328 ea
1510 4282 1640 4343 tantum,

876 4379 940 4437 aynae
953 4359 1065 4437 Tragici
1080 4370 1291 4432 narraverunt,
1311 4357 1415 4436 attigit.
1437 4355 1482 4416 Ab
1504 4355 1548 4415 his
1562 4377 1637 4415 non·

877 4447 947 4506 nibil
979 4446 1119 4507 differunt
1154 4467 1219 4524 quae
1244 4444 1397 4523 Euripides
1419 4443 1455 4502 de
1483 4443 1640 4505 Alexandri

877 4550 944 4595 ortu
962 4536 1107 4595 memoriae
1126 4535 1263 4614 pmdidit.
1286 4531 1434 4593 Hecubam
1457 4532 1525 4590 lacit
1550 4533 1639 4596 Cissei

877 4623 983 4695 liliam;
998 4622 1104 4683 deinde
1122 4622 1258 4682 vaticinia
1280 4618 1464 4696 Cassandrae,
1485 4631 1638 4698 antequam

877 4731 952 4790 puer
969 4712 1000 4769 in
1014 4711 1106 4770 lucem
1130 4724 1191 4770 erat
1206 4710 1312 4784 editus,
1328 4720 1535 4767 commemorat
1546 4709 1640 4788 iisque

878 4797 1019 4858 Hecubam
1027 4799 1175 4858 inductam
1189 4798 1278 4857 lilium
1291 4815 1374 4855 suum
1386 4796 1551 4872 exposuisse
1558 4797 1638 4876 (Hee.

879 4886 1123 4962 3,Andmmach.
1147 4882 1315 4964 294-3or);
1333 4882 1491 4961 eademque
1509 4885 1569 4943 sere
1589 4906 1640 4944 es-

878 4987 1028 5054 pouuntur
1039 4975 1070 5034 in
1079 4973 1171 5053 lphig.
1179 4973 1245 5033 Aul.
1259 4972 1316 5044 575
1328 4983 1357 5031 et
1369 4991 1431 5050 sqq.
1438 4984 1468 5030 et
1478 4971 1639 5032 Troadibus

879 5063 945 5132 ore.
958 5067 1065 5136 Quare
1079 5061 1160 5120 valde
1182 5059 1320 5119 credibile
1331 5072 1374 5118 est
1387 5079 1497 5134 versus,
1512 5061 1638 5138 quisunt

74 5155 141 5206 trem
154 5169 226 5226 esse,
239 5150 371 5210 Priamus
382 5171 448 5210 eum
463 5153 580 5230 agnovit
594 5152 729 5231 regiaque
743 5171 825 5211 rece-
877 5149 956 5229 apud
972 5150 1138 5211 Ciceronem
1153 5153 1197 5208 De
1213 5147 1272 5207 div.
1287 5150 1319 5220 1,
1341 5166 1375 5204 ar
1390 5189 1399 5223 ,
1414 5167 1487 5225 quos
1503 5167 1538 5206 ex
1554 5149 1638 5206 Ennii

76 5233 142 5308 pit·
153 5241 220 5298 Hec
232 5237 272 5298 ita
281 5239 423 5316 Hyginus,
436 5259 501 5316 qnae
516 5252 587 5299 sunt·
596 5238 736 5317 ejusmodi
750 5251 783 5298 ut
795 5239 824 5298 in

879 5236 999 5298 Hecuba
1009 5237 1118 5317 petitos
1132 5249 1234 5315 putant
1251 5235 1299 5312 (id
1317 5234 1395 5313 quod
1414 5236 1496 5294 valde
1517 5233 1640 5294 dtdrium
