3656 5798
220 517 608 596 redmultaAttiilragmenta
616 517 799 574 Her-mannus
808 511 864 572 buc
874 511 981 586 retulit,

220 629 286 688 que
304 608 431 669 breviter
448 627 485 666 ex
497 606 574 666 illius
588 601 836 664 emendationibus
850 621 982 660 recense-

221 697 324 756 bimus.
337 703 381 758 De
395 695 548 756 certamine
561 694 622 754 hec
635 692 714 774 apud
729 692 855 752 Nonium
870 709 899 768 p.
914 691 981 768 495,

221 805 257 844 ar
273 807 281 846 t

255 897 300 954 Ab
312 896 398 954 classe
410 893 446 954 ad
458 894 556 952 urbem
576 890 703 960 tendunt,
725 905 813 963 neque
837 888 981 962 qmsquam

255 1056 422 1130 fulgentium
436 1053 545 1113 armum
558 1061 681 1110 armatus
695 977 825 1110 ardpooiehhi
840 1049 928 1110 obtui.

220 1170 331 1231 Deinde
348 1173 523 1250 sequebatur
538 1168 657 1228 Achillis
673 1167 828 1246 descriptio
845 1166 902 1250 (ap.
916 1167 981 1226 Pu·-

220 1260 308 1322 scian.
326 1281 371 1334 ιι,
385 1281 413 1334 7,
426 1258 473 1336 39)
487 1277 495 1318 ε

253 1383 295 1441 Ut
306 1383 329 1440 si
343 1381 459 1440 lucifera
470 1376 597 1454 lampade
608 1384 703 1436 exurat
715 1377 791 1436 Jovis

254 1462 384 1530 abielem3

219 1567 322 1644 inquo
338 1564 433 1624 Attius
447 1575 561 1622 secutus
580 1574 622 1621 est
634 1566 809 1636 Homerum,
825 1564 874 1640 qui
890 1561 984 1642 luigo-

220 1673 279 1712 rem
295 1653 366 1712 scuti
383 1651 503 1712 Achillei
519 1650 678 1730 descripsit.

258 1746 360 1801 Postea
375 1760 524 1819 proceres,
533 1752 565 1798 ut
577 1759 673 1799 secum
687 1752 831 1819 pugnent,
844 1754 983 1820 provocat

218 1831 296 1910 apud
309 1831 436 1891 Nonium
449 1850 478 1909 p.
492 1831 529 1888 nii
537 1851 561 1904 ι,
580 1831 614 1888 16
627 1852 634 1886 :

253 1937 392 1994 Primores
405 1952 553 2010 procerum
563 1943 743 2010 provocarent
755 1936 881 2006 nomino,

253 2018 277 2074 si
291 2025 361 2074 esset
370 2018 444 2091 quis,
453 2016 500 2090 qui
513 2017 598 2074 armis
609 2033 702 2074 secum
717 2017 927 2078 velletccmere.

219 2129 263 2186 De
276 2125 342 2202 iuga
351 2124 545 2202 Troianorum
560 2125 679 2186 fontane
694 2124 754 2186 haec
768 2125 940 2188 dictasunt:

241 2243 540 2320 Nonperdolescitliigi
548 2245 980 2321 sociosanortaconrposprotegi.

220 2357 260 2411 [ie
269 2352 401 2411 Hectoris
414 2365 444 2412 et
461 2352 578 2412 Achillis
590 2373 745 2432 congressu
757 2353 818 2413 haec
832 2354 888 2414 dici
901 2369 983 2433 putat

220 2445 411 2518 Hermannus,
429 2441 507 2521 apud
521 2442 647 2501 Nonium
662 2445 711 2519 93,
726 2445 783 2501 26:

427 2554 553 2612 incursio
565 2554 603 2615 ita
617 2563 676 2612 erat
689 2555 760 2618 acris

217 2676 246 2721 et
266 2683 295 2742 p.
316 2683 378 2734 ror,
398 2682 453 2734 17:

303 2779 407 2835 Mortes
418 2793 503 2834 urmrs
515 2776 571 2835 duo
583 2792 744 2851 congressos
757 2775 892 2838 oredcrm.

218 2887 341 2947 Achilles
361 2887 481 2946 fortasse
491 2887 554 2968 ipse
569 2887 605 2947 de
621 2909 650 2947 se
665 2888 726 2947 haec
742 2887 919 2968 predicavit,
933 2908 979 2968 ap.

219 2975 341 3036 Nonium
356 2996 386 3054 p.
406 2995 470 3052 192,
486 2995 524 3034 a:

782 377 958 440 Assum
977 377 1224 440 FRAGMENTA.

1027 511 1188 589 pervicacia
1202 511 1302 572 amisit.
1318 513 1397 574 Nihil
1413 515 1508 576 solatii
1522 535 1559 578 ex
1571 537 1606 580 ea
1619 541 1651 580 re
1668 523 1773 604 accipit,

1026 600 1106 676 qaod
1127 605 1279 662 Hectorem
1296 602 1371 662 circa
1389 605 1510 664 Patrocli
1525 610 1667 670 tumulum
1686 614 1774 682 traxit.

1026 690 1096 748 nihil
1112 692 1189 770 quod
1211 692 1374 770 ademptam
1390 695 1547 756 Briseidem
1565 701 1696 779 recepit,
1715 703 1774 764 nihil

1026 779 1103 857 quod
1129 781 1175 840 liii
1197 783 1441 860 expugnationem
1463 785 1570 846 instare
1594 787 1709 850 sciebat.
1731 796 1765 852 Pa

1027 870 1133 928 troclus
1155 870 1230 930 enim
1255 871 1372 930 interiit.
1395 876 1449 930 Per
1475 873 1572 951 plures
1595 874 1709 940 diesne
1728 899 1775 940 ror

1026 957 1143 1034 quidem
1157 958 1219 1036 ejus
1237 959 1336 1018 audita
1356 972 1408 1018 est.
1425 961 1497 1022 Silet
1512 964 1680 1039 gravissimo
1699 966 1774 1028 luctui

1026 1044 1185 1126 indulgens.
1207 1047 1331 1107 Advenit
1356 1051 1533 1124 Mercurius,
1559 1053 1610 1130 qui
1625 1054 1652 1114 ei
1674 1055 1774 1122 suadet,

1028 1144 1059 1192 ut
1079 1134 1194 1194 tendent
1215 1135 1368 1214 aliquando
1389 1136 1425 1196 ab
1440 1139 1482 1199 ira
1499 1139 1628 1200 desistat.
1642 1143 1774 1205 Adventu·

1027 1241 1089 1280 rum
1113 1223 1188 1282 euim
1213 1242 1275 1284 esse
1304 1225 1464 1299 Priamum,
1491 1227 1542 1304 qui
1568 1230 1679 1308 maguis
1701 1234 1774 1310 copiis

1027 1313 1179 1372 Hectorem
1197 1311 1234 1374 sit
1251 1312 1470 1391 redempturum
1485 1314 1525 1376 las
1543 1337 1606 1378 csse
1626 1332 1774 1399 rectumque

1027 1418 1124 1458 senem
1140 1401 1261 1460 comiter
1276 1402 1378 1480 accipi.

1068 1488 1226 1566 Tragoedias
1245 1489 1373 1568 Phryges
1386 1504 1489 1552 vocata
1508 1506 1568 1569 est,
1583 1495 1653 1574 quia
1668 1497 1774 1576 Phryges

1028 1576 1149 1636 chorum
1169 1577 1397 1653 constituebant,
1411 1580 1441 1640 in
1456 1601 1514 1659 quo
1536 1595 1634 1642 tamen
1653 1586 1774 1644 incertum

1028 1677 1071 1724 est
1093 1666 1236 1726 Priamine
1250 1666 1292 1726 illi
1312 1668 1431 1728 comites
1452 1671 1559 1728 suerint
1576 1691 1614 1728 au
1635 1673 1735 1751 captivi
1751 1675 1773 1731 in

1029 1755 1154 1818 tentorio
1169 1755 1309 1827 Achillis,
1328 1756 1352 1816 si
1370 1756 1512 1833 Priamus,
1532 1771 1566 1820 ut
1588 1761 1667 1838 apud
1683 1764 1773 1822 Home-

1029 1866 1093 1904 rum
1114 1859 1174 1921 est,
1195 1846 1273 1908 solus
1286 1847 1377 1906 venit.
1391 1850 1535 1910 Posterior
1551 1853 1706 1912 Hermauni
1718 1873 1770 1914 sen·

1029 1935 1117 1993 tentia
1137 1946 1195 2009 est,
1212 1936 1293 2015 prior
1304 1937 1447 1996 Welclreri
1469 1959 1561 2016 eaque
1582 1940 1773 2018 proculdubio

1029 2023 1132 2093 verior,
1147 2023 1171 2081 si
1184 2023 1301 2102 quidem
1316 2026 1520 2104 Aristophanes
1532 2029 1612 2106 apud
1623 2029 1772 2092 Athenariu

1028 2115 1051 2182 1,
1064 2131 1092 2190 p.
1108 2131 1157 2188 ar,
1170 2116 1203 2186 E,
1217 2112 1278 2172 haec
1293 2113 1385 2174 dixit:

1266 2241 1334 2310 Tele
1348 2242 1456 2325 Φρύγας
1470 2233 1527 2304 οἶδα
1540 2247 1661 2330 θεωρῶν,

1028 2323 1772 2414 ὅτετῷΠριάμῳσυλλυσόμεναιτὸνπαῖδ’ἤλθαντεθνιῶτα

1029 2461 1115 2520 Initio
1129 2461 1269 2540 tragoediae
1282 2463 1319 2522 ad
1333 2446 1472 2524 tacentem
1486 2463 1624 2524 Achillem
1634 2465 1772 2524 Mercurius

1028 2551 1211 2611 introductus
1223 2573 1285 2612 esse
1295 2553 1418 2624 dicitur,
1437 2567 1469 2614 ut
1478 2568 1522 2614 est
1535 2555 1616 2633 apud
1627 2555 1771 2633 scriptorem

1028 2640 1099 2698 Vitae
1113 2641 1254 2720 AEschyli:
1266 2641 1328 2722 [46]
1339 2641 1386 2704 Ἐν
1401 2640 1428 2700 δὲ
1442 2640 1473 2714 δὴ
1486 2651 1539 2710 ταῖς
1548 2641 1676 2724 Ἕκτορος
1690 2639 1772 2720 λύτροις

1028 2725 1161 2805 Ἀχιλλεὺς
1175 2727 1270 2805 ὁμοίως
1286 2728 1511 2808 ἐγκεκαλυμμένος
1528 2732 1557 2790 οὔ
1574 2730 1706 2813 φθέγγεται
1717 2725 1771 2798 πλὴν
1813 2783 1814 2790 ,

1027 2816 1052 2874 ἐν
1066 2818 1160 2898 ἀρχαῖς
1171 2815 1249 2898 ὀλίγα
1263 2815 1327 2898 πρὸς
1342 2815 1446 2898 Ἑρμῆν
1459 2815 1596 2896 iporiam.
1611 2817 1709 2880 Eadem
1728 2816 1771 2872 lere

1026 2902 1113 2961 refert
1125 2903 1299 2963 Scholiastes
1318 2905 1355 2962 ad
1380 2906 1584 2984 Aristophanis
1604 2911 1768 2979 Ran.v.9l1

1024 3004 1062 3066 et,
1084 2992 1135 3072 qui
1152 2993 1232 3051 locus
1246 2993 1328 3052 valde
1339 3007 1494 3073 corruptus
1503 3007 1555 3069 est,
1570 2995 1731 3056 scholiastes
1742 2989 1768 3048 ad

305 3092 513 3152 Scaurandriam
538 3093 640 3153 undam
656 3095 729 3152 salso
747 3105 870 3154 sanctam
887 3095 977 3154 obtexi
1024 3083 1156 3160 AEschyli
1170 3089 1265 3143 Proin.
1283 3084 1349 3152 435.
1360 3083 1484 3145 sedebat
1495 3098 1593 3145 autem
1608 3084 1721 3146 Achilles
1733 3100 1769 3138 ca·
1811 3117 1812 3142 l

270 3260 353 3326 atque
375 3269 485 3311 acervos
511 3253 566 3310 ulta
592 3254 621 3310 in
641 3191 858 3390 pilrlgllllore
876 3255 979 3330 expleri

654 3343 763 3392 rostrco.

218 3445 250 3500 ln
275 3452 421 3500 mortuum
448 3445 602 3500 Hectorem
625 3441 745 3501 Achilles
772 3443 892 3502 sortasse
919 3444 981 3504 haec

217 3529 301 3600 dixit,
316 3529 387 3589 ibid.
404 3549 433 3609 p.
452 3550 520 3606 παρ,
536 3531 593 3593 30:

375 3643 431 3704 Ubi
446 3661 519 3708 nunc
531 3645 660 3707 terricula
677 3653 725 3704 tua
737 3648 822 3707 suut?

217 3754 340 3832 Reliqua
365 3753 416 3812 vix
443 3773 509 3813 cum
534 3754 590 3813 ulla
613 3751 817 3832 probabilitate
845 3752 981 3812 constitua

217 3855 346 3920 possunt.

511 3950 697 3977 w

218 4059 394 4120 PHRYGES
430 4077 502 4120 s1vn
530 4059 716 4118 HECTORIS
747 4059 979 4119 assnssarrlo.

257 4194 321 4248 lam
342 4187 454 4250 linitum
473 4200 516 4248 est
536 4199 696 4260 certamen,
717 4191 824 4248 Hector
846 4186 982 4247 occubuit

220 4297 309 4338 caesus
325 4276 557 4348 rumusculis,
575 4275 703 4336 hostium
716 4275 898 4354 opesiractae
915 4289 983 4336 suut

220 4378 249 4426 ct
261 4365 430 4440 deminuto,
441 4365 568 4426 vindicta
579 4375 694 4442 sumpta
704 4375 765 4436 est,
778 4363 862 4423 dolor
876 4376 981 4439 manet,

220 4456 269 4534 qui
282 4455 345 4514 luit.
362 4454 486 4513 Achilles
503 4473 561 4512 non
574 4453 687 4531 ignorat
702 4451 797 4510 statim
811 4463 877 4532 post
889 4453 981 4512 inter-

219 4545 292 4606 itum
311 4544 441 4604 Hectoris
460 4555 583 4604 mortem
602 4541 659 4602 sibi
683 4542 803 4612 instare,
824 4553 919 4602 tamen
938 4543 982 4600 sui

219 4634 327 4693 oblitus
343 4645 420 4692 totus
434 4644 477 4692 est
491 4633 521 4691 in
535 4651 657 4691 moerore
673 4631 836 4711 cademque
850 4632 982 4711 deplorat

220 4722 357 4781 carissimi
378 4722 463 4794 socii,
483 4741 569 4799 quem
594 4721 727 4782 Hectoris
745 4724 854 4780 virtute
875 4741 983 4798 suoque

1025 3176 1085 3251 pite
1098 3171 1239 3231 obvoluto
1261 3193 1321 3250 prae
1339 3173 1439 3234 dolore
1452 3173 1490 3232 ob
1502 3175 1701 3254 interemptum
1713 3168 1768 3228 ani·

1026 3259 1215 3321 cunr.Adluit
1227 3263 1403 3337 Mercurius,
1417 3274 1449 3321 ut
1467 3263 1611 3322 Achillem
1632 3261 1666 3320 de
1684 3255 1767 3317 sarira
1810 3289 1811 3345 l

1026 3349 1113 3408 animi
1126 3348 1334 3409 dehortaretur.

1064 3438 1178 3496 Deinde
1201 3458 1289 3517 quum
1317 3437 1482 3496 advenisset
1497 3434 1627 3496 Priamus
1646 3435 1766 3494 srlinnre
1809 3421 1810 3499 l

1026 3525 1765 3604 dempturus,Achilleseurnnihilcuravit,iraesenpe¹

1026 3612 1177 3691 indulgens
1200 3634 1295 3693 neque
1315 3613 1473 3692 quidquam
1488 3615 1603 3690 roganti
1616 3612 1672 3690 regi
1684 3611 1765 3670 hliun-

1026 3721 1082 3779 que
1106 3714 1250 3761 mortuum
1266 3703 1429 3782 reposcenti
1450 3701 1607 3782 respoudit.
1629 3705 1668 3760 Εκ
1683 3691 1763 3758 Priami
1807 3717 1808 3803 γ

1025 3791 1156 3850 oratioue
1182 3793 1302 3852 sortasse
1324 3804 1439 3871 sumptu
1463 3805 1547 3866 suut,
1574 3809 1638 3870 quse
1659 3784 1763 3846 Stobaeas

1026 3879 1152 3937 servarit
1163 3879 1241 3938 Flor.
1264 3883 1380 3951 CXXV,
1395 3901 1428 3954 7:

1078 4012 1140 4092 [47]
1159 4008 1219 4076 Kal
1239 4011 1312 4088 τοὺς
1325 4008 1473 4088 θανόντας
1484 4008 1507 4075 ei
1519 4008 1613 4087 θέλεις
1631 4005 1763 4097 εὐεργετεῖν

1078 4114 1134 4182 εἴτ’
1151 4111 1201 4182 οὖν
1220 4123 1397 4210 κακουργεῖν
1408 4107 1593 4207 ἀμφιδεξίως
1604 4115 1662 4204 ἔχει
1803 4129 1805 4268 γ

1079 4231 1125 4309 τῷ
1141 4225 1218 4315 μήτε
1236 4220 1351 4316 χαίρειν
1364 4225 1441 4314 μήτε
1456 4219 1616 4287 λυπεῖσθαι
1630 4213 1743 4310 plutoris·

1080 4313 1174 4419 Ημῶν
1188 4353 1223 4422 γι
1240 4329 1345 4419 μέντοι
1359 4326 1475 4420 νέμεσίς
1492 4327 1550 4399 ἐσθ’
1563 4325 1718 4418 ὑπερτέραν

1079 4432 1129 4500 καὶ
1142 4433 1380 4511 ταῡθανόντοςή
1405 4424 1473 4506 δίκη
1492 4431 1618 4525 πράσσει
1627 4429 1716 4496 κότον.

1026 4544 1103 4603 Dicit
1122 4543 1253 4605 Priamus
1280 4543 1387 4603 nullam
1413 4556 1528 4602 mortuo
1550 4541 1676 4620 iujuriam
1693 4525 1761 4604 infligi
1801 4575 1802 4584 .

1026 4651 1125 4711 posse;
1146 4634 1278 4694 vivorum
1298 4652 1436 4692 essenon
1457 4631 1597 4709 negligere
1612 4627 1759 4686 defunctum.

1027 4735 1113 4800 atque
1128 4723 1200 4782 adeo
1216 4743 1247 4782 se
1262 4723 1335 4782 velle
1351 4742 1416 4781 eum
1431 4721 1569 4780 redimere
1582 4732 1611 4778 et
1630 4717 1667 4774 ias
1680 4721 1759 4769 &⁵0⁵⁶

677 4813 1751 4847 --—-——--—---—.——-—————--·-·‘⁶''

256 4963 284 5008 in
304 4957 478 5022 nedempliono
489 4887 715 5008 Hectorisehchilies
732 4955 864 5008 obvolutus
877 4955 937 5008 nibil
947 4957 981 5008 lo·

225 5019 318 5100 quitur,
327 5019 373 5070 uisi
387 5033 463 5083 pauca
477 5019 589 5082 queam
599 5017 668 5070 initio
677 5018 704 5070 in
717 5017 831 5069 direrbiis
844 5033 900 5072 oum
919 5029 981 5074 tter·

222 5102 298 5141 curro.

578 5163 625 5214 47.

224 5234 258 5288 nt
271 5238 395 5288 mortuos
408 5229 464 5288 sire
472 5230 512 5287 vis
525 5230 658 5287 beneflcio
671 5229 781 5288 afficere

1024 4880 1081 4934 sive
1092 4877 1174 4935 etiam
1186 4878 1287 4951 iniuria
1298 4877 1411 4951 perinde
1424 4885 1476 4946 est,
1799 4903 1800 4918 ι

1025 4973 1111 5030 quum
1124 4974 1213 5031 neque
1224 4956 1365 5032 gaudeant
1384 4973 1472 5030 neque
1483 4955 1592 5013 doleant
1602 4939 1719 5008 domnoli·

1026 5040 1127 5094 Verum
1140 5036 1215 5111 apud
1225 5053 1277 5094 nos
1287 5035 1450 5094 verecundia
1460 5023 1719 5108 prmisfacienarot·

1027 5137 1054 5188 et
1065 5129 1340 5203 justitiarindiotam
1352 5128 1560 5200 norwicum.
1608 5187 1611 5192 .
