3650 5798
196 381 252 436 θθθ

195 507 267 564 Sunt
280 503 329 582 qui
341 522 443 564 vocem
461 494 535 572 σθτσς
552 523 568 562 a
585 501 736 564 Palamede
748 502 896 562 modestia
910 513 960 562 aut

195 591 378 650 confidentiae
390 611 474 651 causa
483 591 520 650 de
530 610 561 650 se
571 603 737 668 usurpatam
749 591 877 649 credant.
890 595 958 650 Pro-

194 675 321 737 babilius
335 690 483 738 esttamen
497 679 559 738 haec
574 698 632 737 non
648 678 736 736 luisse
746 679 777 737 in
791 677 959 736 defensione

194 783 211 824 a
226 766 388 841 Palamede,
400 767 449 825 sed
464 765 501 825 ab
514 767 572 825 allo
584 765 709 844 quodam
725 778 791 844 post
798 764 958 825 Palamedis

194 855 354 914 orationem
370 855 456 916 dicta.
470 845 555 924 Οθτος
572 854 672 914 eodem
688 855 775 913 modo
787 855 816 913 in
832 855 958 931 Nauplio

194 954 246 1002 est.
258 943 423 1003 Welcherus
436 943 551 1022 Ajacem
566 955 649 1023 putat
662 943 858 1002 defensionem
874 943 958 1002 Pala-

195 1030 286 1089 medis
298 1034 474 1110 suscepisse,
489 1052 549 1109 quo
566 1050 679 1090 versum
695 1030 781 1088 relcrt
794 1031 871 1108 apud
883 1031 957 1090 Piut.

194 1121 310 1195 Ilump.
325 1119 395 1192 doh,
411 1123 443 1194 C,
458 1131 525 1197 etp.
542 1121 598 1178 810
608 1164 617 1193 ,
633 1124 676 1178 C:
693 1117 727 1178 ‘0
743 1117 791 1196 μίν
803 1117 853 1200 adp
869 1121 958 1200 Σορο-

194 1203 285 1272 κλίους
308 1203 417 1289 Νέστωρ
435 1205 479 1266 τδν
500 1205 600 1266 Alam
622 1205 817 1286 τραχυνόμενον
835 1205 957 1288 τῷλόγῳ

194 1290 316 1372 κραθνων
326 1295 423 1364 ἠθικῶς
435 1298 512 1354 τοῦτο
527 1293 629 1376 εῐρηκεν
641 1317 649 1331 ·

193 1429 276 1514 [101]
293 1431 339 1496 Οὐ
353 1429 511 1522 μύμρομαί
523 1455 565 1495 σε·
577 1421 657 1522 δρῶν
674 1426 732 1524 γὰρ
746 1426 777 1496 εὖ
791 1436 890 1638 aad?
903 1433 957 1497 λί-

883 1571 955 1637 γεις.

192 1693 285 1749 lratus
303 1689 390 1766 igitur
404 1702 479 1748 esset
492 1687 580 1767 Ajax,
592 1689 671 1768 quod
692 1709 778 1749 causa
801 1689 956 1762 ceciderit,

193 1796 279 1856 quem
292 1777 354 1856 ipse
375 1775 545 1836 defenderit.
560 1777 644 1852 Quod
668 1778 691 1836 si
710 1780 750 1836 ita
771 1778 955 1838 statuendum

191 1876 249 1936 est,
265 1863 326 1923 haec
341 1883 387 1923 res
398 1865 461 1942 ipsa
475 1865 594 1924 sortasse
611 1885 697 1924 causa
718 1866 790 1937 suit,
809 1867 888 1945 quod
904 1871 957 1926 Pa-

192 1951 315 2012 lamedes
329 1952 366 2010 ab
382 1953 500 2011 inimico
516 1955 698 2025 vinceretur,
714 1967 746 2011 ut
766 1954 836 2031 ajax
856 1967 957 2032 postea

192 2037 220 2096 in
238 2059 323 2098 causa
336 2060 395 2098 non
411 2040 505 2099 minus
515 2039 592 2116 justa
606 2039 643 2100 ab
659 2041 775 2099 inimico
790 2043 883 2099 victus
900 2055 954 2100 est.

191 2130 255 2186 Hoc
267 2146 334 2186 sane
346 2140 420 2186 esset
431 2129 687 2206 egregiumpoetae
698 2142 903 2188 commentum.

231 2214 319 2273 Plane
338 2215 464 2274 incertus
485 2228 528 2274 est
547 2235 646 2275 versus
670 2217 748 2294 apud
773 2219 956 2276 Ammoniurn

193 2301 259 2382 Περὶ
282 2306 327 2378 θμ.
349 2323 378 2380 ρ.
401 2304 438 2376 76
461 2304 488 2360 in
510 2307 570 2362 MS.
584 2309 654 2384 Reg.
675 2305 769 2363 Musei
789 2307 860 2364 Brit.
874 2330 881 2365 :
896 2305 957 2365 τύσ

192 2412 267 2450 τουσι
281 2389 309 2448 dl
324 2387 396 2470 ὅμως
410 2389 456 2449 καὶ
470 2390 514 2451 ἐπὶ
528 2397 575 2452 τοῦ
594 2391 659 2452 ἰδίου
678 2391 708 2452 οδ
729 2392 801 2452 ἴσθι·
817 2396 956 2477 Σοφοκλῆς

192 2479 218 2536 δν
231 2479 384 2558 Παλαμήδῃ
398 2501 406 2516 ·

216 2629 453 2722 [101]Εύρημος
469 2629 529 2699 ἰ’σθι
545 2641 654 2724 μοῦνον
672 2627 874 2725 δξσρμωμίνη.

516 2802 627 2820 n*

493 2903 658 2992 ILIAS.

472 3062 666 3124 PHRYGHS.

209 3185 269 3258 ¹Ut
289 3180 441 3256 AEschylus
463 3182 506 3241 ita
529 3183 689 3261 Sophocles
715 3186 842 3264 ejusdem
864 3212 952 3270 argu-

189 3268 278 3328 menti
298 3268 466 3347 tragediam
486 3269 588 3328 eodem
610 3272 727 3331 nomine
741 3275 902 3354 Phrygum,
918 3299 953 3338 ex

188 3356 294 3435 quibus
307 3357 415 3416 chorus
427 3359 574 3433 constitit,
589 3361 745 3438 inscripsit.
761 3369 891 3424 Fuerunt
903 3388 954 3427 au-

188 3460 244 3504 tem
267 3445 393 3523 Phryges
414 3446 474 3520 itti,
491 3447 542 3525 qui
560 3469 625 3506 cum
643 3450 755 3509 Priamo
778 3453 808 3510 in
833 3454 953 3516 Achillis

189 3533 343 3592 tentorium
364 3547 508 3593 venerunt
525 3537 659 3595 Hectoris
678 3538 839 3600 redimeudi
857 3563 950 3604 causa.

185 3620 248 3678 Nisi
267 3632 376 3678 erraret
394 3621 547 3681 scholiasta
569 3623 606 3682 ad
627 3627 756 3704 AEschyli
772 3635 869 3689 Prom.
894 3635 951 3698 435

186 3705 261 3785 (quae
270 3708 406 3767 Brunchii
416 3710 558 3770 sententia
565 3725 608 3770 cst
617 3713 677 3772 reri
688 3715 841 3796 simillima)
853 3740 858 3774 :
870 3717 952 3798 [103]

186 3793 316 3853 Σιωπῶσι
328 3792 401 3876 παρὰ
413 3805 534 3870 ποιηταῖς
546 3796 580 3857 ad
594 3800 726 3882 πρόσωπα
740 3801 801 3875 ἡδί
814 3804 950 3880 αὐθαδίαν,

185 3881 220 3948 ὡς
230 3879 364 3960 Ἀχιλλεύς
377 3883 404 3940 δν
419 3893 471 3951 τοῖς
482 3886 567 3967 Φρυξὶ
577 3889 750 3971 Σοφοκλέους,
762 3889 779 3963 ἢ
795 3891 837 3952 διὰ
852 3916 951 3974 συμρο·

186 3965 244 4047 ρδν,
258 3971 292 4035 ὡς
304 3973 321 4041 ἡ
335 3968 420 4044 Natta
432 3973 495 4055 παρ’
508 3975 646 4058 Αἰσχύλῳ,
659 3978 806 4038 videretur
822 3982 950 4041 Achilles

185 4056 273 4113 animi
291 4057 445 4118 insolentia
464 4074 493 4119 et
513 4065 693 4124 contumacia
716 4081 865 4147 permotus
882 4069 947 4128 diu·

186 4142 292 4200 tissime
317 4145 457 4218 tacuisse,
482 4148 551 4208 dum
570 4155 700 4213 Priamus
717 4156 754 4214 ad
771 4179 836 4216 eum
861 4159 950 4217 verba

187 4230 324 4304 faciebat,
346 4235 451 4310 quihus
468 4237 518 4309 illi,
535 4252 565 4295 ut
580 4243 714 4301 Hectoris
730 4265 836 4322 corpus
850 4248 951 4305 redde-

184 4331 240 4395 ret,
256 4321 428 4398 persuadere
438 4339 601 4385 conaretur.
610 4333 653 4386 Ex
662 4330 716 4389 hac
724 4335 855 4393 oratione
864 4339 951 4396 sumti

184 4419 252 4464 suut
276 4427 374 4468 versus
394 4411 470 4488 apud
486 4413 567 4472 Stoh.
592 4417 669 4474 Flor.
681 4419 739 4476 Tit.
755 4425 837 4499 Vlll,
852 4425 889 4482 5:

742 371 952 436 soettocuts
973 371 1227 440 FRAGMENTA.

1011 513 1097 604 [101]
1110 517 1189 597 Τοὺς
1199 521 1324 612 εὐγενεῖς
1335 519 1393 616 γὰρ
1406 524 1572 620 κάγαθούς,
1589 525 1699 614 hed,
1709 535 1777 618 puri

1108 613 1189 726 Ᾰρης
1205 635 1344 728 ἐναίρειν·
1361 639 1389 704 οἱ
1404 629 1439 706 δὲ
1453 651 1493 735 τῇ
1509 646 1640 736 γλώσσῃ
1659 645 1776 734 θρασεῖς,

1107 749 1263 840 φεύγοντες
1274 745 1361 838 σῖτας,
1378 755 1465 834 ίκτύς
1483 755 1539 822 εἰσι
1556 768 1623 823 τῶν
1644 765 1754 823 κακῶν.

1102 843 1184 952 Ᾰρης
1200 861 1257 956 γὰρ
1274 857 1361 932 οὐδὲν
1381 879 1441 934 τῶν
1458 879 1560 936 νεανιῶν
1576 867 1749 966 λογίζεται.
1821 901 1822 912 ¹

1011 987 1113 1063 Neque
1127 985 1252 1049 absonus
1273 991 1374 1052 abhis
1396 1016 1492 1056 versus
1513 1011 1557 1056 est
1580 999 1665 1057 inter
1679 999 1778 1056 incerta

1010 1073 1170 1154 fragmenta
1184 1079 1290 1139 relatus
1303 1081 1381 1160 apud
1390 1082 1471 1144 Stob.
1486 1089 1626 1158 XCVIII,
1644 1087 1683 1154 43
1702 1109 1710 1142 :

1009 1205 1092 1284 [105]
1108 1207 1154 1274 Oh
1165 1201 1223 1300 γύιρ
1238 1207 1321 1300 θίμις
1332 1202 1384 1287 ζῆν
1399 1213 1478 1282 πλὴν
1490 1210 1568 1290 θεοῖς
1581 1207 1658 1278 ἄνευ
1671 1221 1777 1278 κακῶν.

1010 1335 1052 1396 Cl.
1077 1337 1159 1396 Iliad.
1184 1339 1222 1418 n,
1243 1342 1311 1401 525.
1334 1346 1448 1405 Deinde
1468 1347 1547 1426 apud
1570 1347 1663 1408 Stob.
1692 1349 1780 1427 Irlog.

1010 1425 1093 1503 phys.
1109 1431 1132 1500 Ι,
1146 1435 1175 1505 i,
1184 1449 1212 1508 p.
1229 1431 1283 1488 106
1298 1435 1405 1493 Heca:

1009 1557 1092 1638 [100]
1107 1557 1186 1624 Θεοῦ
1204 1547 1239 1623 δὲ
1254 1564 1374 1654 πληγὴν
1391 1564 1449 1654 οὐχ
1460 1553 1629 1655 ύπερτιηδᾷ
1649 1564 1768 1654 §perde

1010 1687 1175 1760 Utrumque
1192 1703 1308 1744 versum
1329 1687 1436 1746 Achilli
1456 1687 1588 1747 dederim
1601 1733 1610 1761 ,
1622 1709 1692 1766 qno
1711 1691 1780 1748 Prie

1011 1789 1088 1828 mum
1111 1771 1295 1848 consoletur,
1322 1786 1353 1833 ut
1376 1775 1460 1834 cedat
1482 1777 1678 1848 necessitati,
1702 1797 1778 1854 quun

1010 1857 1173 1916 mortalium
1186 1879 1272 1919 nemo
1282 1862 1390 1920 evitare
1409 1865 1507 1942 possit.
1524 1865 1647 1924 Deinde
1669 1865 1779 1922 videtur

1009 1946 1139 2004 Priamus
1151 1947 1240 2006 multa
1250 1947 1287 2007 de
1296 1951 1444 2028 sepultura
1455 1950 1573 2030 dixisse,
1586 1965 1621 2010 ut
1634 1953 1780 2030 colligitur

1010 2032 1170 2111 fragmento
1184 2036 1264 2114 apud
1276 2038 1434 2099 Pollucem.
1452 2040 1539 2114 Quod
1556 2043 1614 2100 etsi
1631 2063 1698 2100 non
1714 2044 1780 2100 cita-

1010 2132 1058 2179 tur
1076 2141 1113 2180 ex
1133 2123 1314 2202 Phrygibus,
1340 2141 1435 2186 tamen
1455 2129 1601 2206 ejusmodi
1625 2143 1677 2188 est
1697 2143 1730 2188 ut
1748 2131 1779 2187 ad

1009 2212 1086 2270 illam
1097 2214 1264 2290 tragaediam
1280 2219 1465 2278 referendum
1487 2223 1524 2279 slt
1542 2240 1644 2298 neque
1662 2221 1779 2300 probari

1009 2299 1124 2358 illorum
1136 2304 1277 2361 sententia
1290 2306 1401 2382 possit,
1415 2307 1466 2384 qui
1481 2327 1586 2366 novam
1601 2331 1641 2368 ex
1660 2311 1713 2368 illo
1728 2324 1780 2368 tra-

1008 2386 1130 2465 goediam
1145 2394 1300 2448 commenti
1314 2407 1390 2452 sunt.
1405 2395 1512 2454 Polluc.
1523 2401 1562 2469 X,
1578 2407 1634 2470 ¹⁴7
1650 2397 1780 2468 :Obsedi-

1009 2493 1059 2548 μου
1074 2472 1102 2532 dl
1114 2474 1214 2550 σκεύη,
1229 2477 1339 2558 [107]«
1351 2482 1437 2554 λεῖοι,
1452 2482 1591 2563 γλαρίδες,
1606 2510 1619 2536 ι
1642 2487 1683 2552 ὡς
1701 2487 1781 2566 Σαρο-

1008 2561 1073 2631 κλῆς
1085 2564 1111 2620 δν
1130 2561 1255 2645 Πριάμῳ.
1269 2566 1354 2626 Idem
1378 2569 1450 2639 vll,
1472 2571 1526 2628 118
1544 2593 1552 2629 r
1569 2571 1626 2631 Καὶ
1649 2573 1782 2640 hardecnut

1008 2645 1036 2706 dl
1051 2649 1188 2731 Σοφοκλῆς
1194 2651 1260 2711 ὅπου
1268 2653 1312 2712 καὶ
1324 2656 1445 2735 ἐργαλεῖα
1452 2659 1503 2716 τῶν
1516 2658 1648 2718 λαιύπων
1659 2663 1783 2740 ὀνομάζει

1008 2762 1019 2786 ι
1033 2735 1103 2804 λείας
1117 2737 1163 2796 καὶ
1174 2739 1306 2821 γλαρίδας.
1319 2767 1331 2794 υ
1342 2744 1509 2805 Excidenda
1521 2748 1601 2806 enirn
1624 2763 1695 2808 erat
1712 2771 1729 2810 c
1748 2754 1782 2812 la

1008 2823 1076 2901 pide
1087 2845 1159 2884 uma
1168 2872 1176 2904 ,
1186 2847 1243 2905 qua
1253 2832 1361 2888 Hector
1369 2832 1550 2894 conderetur.
1561 2841 1714 2897 Praeterca
1725 2859 1782 2900 non

988 2911 1166 2990 ,abhorrent
1186 2932 1336 2994 quaesunt
1355 2921 1433 2997 apud
1452 2922 1542 2982 schol.
1564 2925 1604 2984 ad
1624 2929 1779 3008 aristoph.

1007 3002 1093 3081 Vesp.
1110 3006 1167 3063 288
1182 3027 1189 3062 :
1206 3004 1368 3089 Ἐγχυτριεῖς
1378 3009 1431 3068 διεδ
1444 3013 1497 3070 τῶν
1517 3013 1701 3092 ἐκτιθεμένων
1721 3042 1780 3076 rrae

1007 3087 1068 3147 δίων
1095 3092 1122 3148 δν
1145 3090 1263 3174 χύτραις.
1288 3095 1337 3154 Διὸ
1371 3096 1415 3156 καὶ
1447 3101 1584 3180 Σοφοκλῆς
1622 3104 1780 3164 ἐπαιτεῖται

1007 3177 1089 3254 [108]
1102 3203 1113 3228 ι
1128 3179 1257 3260 χυτρίζειν
1271 3210 1281 3231 ι
1297 3179 1384 3261 ἔλεγεν
1397 3186 1424 3244 iv
1440 3185 1566 3267 Πριιίμῳ.
1582 3193 1778 3270 Compararit

1006 3266 1173 3325 Welckerus
1186 3267 1288 3328 Athen.
1302 3273 1367 3342 v11,
1378 3293 1407 3350 p.
1423 3293 1489 3346 σῃ,
1502 3280 1545 3333 B:

1005 3393 1087 3478 [100]
1104 3392 1204 3484 Χορὸς
1221 3383 1255 3459 δὲ
1271 3387 1390 3486 μύνδων
1406 3395 1513 3489 ἰχθύων
1530 3401 1689 3494 ἐπερρόθει

1102 3507 1250 3574 σαίνουσιν
1268 3511 1412 3600 οὐραίοισι
1429 3515 1484 3587 τὴν
1498 3521 1701 3608 κεκτημένην.

1005 3635 1179 3713 (Brunchius
1194 3634 1346 3716 σαίνοντες.)
1361 3639 1491 3716 Denique
1501 3654 1587 3719 putat
1604 3643 1773 3722 tragoediern

1004 3722 1040 3782 ah
1050 3724 1239 3782 Euniolatine
1250 3745 1361 3784 versam
1378 3727 1520 3807 allertque
1536 3751 1656 3805 versus,
1672 3735 1723 3812 qui
1738 3755 1772 3794 ea

1003 3813 1133 3871 Hectoris
1153 3813 1233 3889 lytris
1247 3817 1331 3874 Ennii
1346 3817 1491 3876 citantur:

1003 3926 1106 3981 Hector
1118 3925 1143 3980 vi
1157 3939 1264 3982 summa
1277 3935 1395 3984 araratos
1409 3927 1503 3984 educit
1515 3928 1591 3987 foras

1003 4004 1153 4076 castrisque
1165 4013 1252 4062 castra
1264 4007 1338 4064 ultro
1347 4009 1405 4081 jam
1421 4008 1522 4066 inferre
1534 4021 1654 4085 occupat
1665 4032 1674 4083 ς

1004 4124 1046 4182 et,

1003 4215 1105 4270 flector
1117 4214 1229 4288 quidem
1241 4215 1314 4274 haud
1327 4228 1416 4277 cessat
1427 4221 1601 4282 obsidionem
1614 4225 1768 4295 obducere,

1003 4333 1046 4390 et,

1004 4435 1057 4507 Qui
1070 4437 1183 4511 cupiant
1195 4437 1260 4497 dare
1273 4457 1346 4498 unia
1358 4443 1471 4514 schint,
1483 4454 1516 4503 ut
1527 4445 1581 4519 ipsi
1595 4459 1740 4508 cunctent

185 4519 1761 4572 -ῇ-ῃ--Ἇ

183 4657 244 4714 Nou
260 4664 287 4713 te
300 4655 485 4729 reprehendo,
498 4586 663 4718 redthlenim
677 4679 760 4738 agens
777 4667 847 4726 male
866 4669 945 4728 dicis.

183 4811 271 4870 Verba
281 4812 367 4884 bona,
382 4829 468 4886 quum
481 4743 714 4893 suirihrouess.

184 4969 321 5039 Ingenuus
334 4969 408 5026 enim
424 4981 452 5029 et
464 4903 599 5046 forteiiid
613 4977 667 5050 iili,
682 4978 754 5040 solet

185 5047 256 5103 Mars
269 5046 380 5118 tollere3
396 5050 444 5122 qui
457 5062 551 5112 autem
563 5057 657 5132 ltngua
670 5058 756 5117 fortes
768 5068 849 5132 sunt,

185 5123 321 5200 fugientes
334 5125 466 5202 pertenta,
481 5141 554 5192 extra
568 5139 641 5196 mata
656 5148 731 5196 ειιιιι.

1002 4599 1076 4652 Mars
1087 4597 1161 4654 enim
1174 4597 1284 4656 timidos
1298 4600 1365 4657 nihii
1378 4611 1467 4660 curat.

998 4753 1107 4811 Nemmi
1122 4755 1195 4813 enirn
1209 4755 1272 4814 hcet
1284 4686 1460 4832 pradiheos
1473 4763 1561 4822 rivere
1574 4767 1635 4826 sine
1647 4771 1731 4830 malis

998 4911 1050 4967 Dei
1064 4926 1126 4968 vero
1142 4911 1251 4986 plagam
1266 4930 1322 4972 non
1334 4843 1445 4990 sitiriiat
1459 4919 1550 4979 homo.

997 5065 1103 5124 Chorus
1118 5081 1181 5125 vero
1195 5078 1336 5128 mutorum
1345 5001 1467 5146 idithum
1481 5076 1590 5152 εειεερίι

996 5143 1092 5202 caudis
1103 5147 1279 5206 adulantibus
1292 5149 1433 5209 dominam
