3680 5790
161 443 318 618 alysso,
338 524 468 596 tlldt'll
491 575 537 594 ...
563 530 622 590 ἆντλ
643 519 739 602 aalide
840 529 872 590 Σ.
895 528 921 586 ἓν

160 628 246 709 Natta
258 649 263 662 ·

163 763 244 849 [318]
261 741 358 854 ίίγοῖρ
371 757 442 852 φίλη
459 759 513 851 ’γὼ
527 745 625 823 rarle
641 764 695 822 τοῦ
711 751 921 846 προφιρτίρου.

163 897 257 952 Locus
278 902 417 970 praeterea
435 885 610 946 documento
625 897 668 944 est
682 901 806 964 corpora
820 879 925 939 esseio

164 997 276 1038 scenam
289 977 409 1056 prolata.
420 975 519 1035 Potuit
528 986 623 1033 autem
634 971 682 1031 ille
693 990 795 1032 versus
807 966 926 1026 nutricis

164 1085 280 1145 quoque
290 1085 367 1140 esse,
384 1085 448 1142 quae
462 1061 539 1142 apud
560 1062 636 1123 Plut.
650 1059 754 1119 Moral.
765 1079 794 1138 p.
806 1058 874 1133 691,
889 1057 926 1128 D,

165 1167 340 1215 memoratur
354 1175 360 1211 ι
376 1149 476 1218 Αθτοθς
493 1147 733 1232 παραλογιζόμεθα,
747 1144 842 1228 θερμὸν
854 1139 927 1210 ιύθθς

165 1233 231 1301 εἶναι
243 1241 274 1301 πθ
286 1245 425 1322 θερμαῖνον
439 1237 678 1317 θπολαμθοίνοντες.
690 1235 745 1297 Kal
759 1231 833 1292 ταῦθ’
846 1231 928 1312 ύρῶν-

165 1351 206 1398 τες
222 1329 263 1390 ὅτι
283 1329 365 1390 ταύτὸ
386 1327 492 1406 ἱμάτιον
514 1329 541 1386 ἐν
563 1329 676 1406 χειμῶνι
697 1319 840 1405 θερμαίνει,
857 1321 883 1379 ἐν
901 1315 929 1376 δὲ

166 1419 233 1501 ἡλίῳ
245 1417 339 1500 ψύχειν
350 1415 471 1496 λίγομεν,
483 1413 572 1496 ὥσπερ
586 1419 603 1486 ἡ
616 1411 727 1496 τραγικὴ
738 1411 831 1493 τροφθς
842 1407 929 1478 ἐκείνη

167 1507 199 1566 τθι
211 1511 257 1579 τῆς
272 1507 372 1578 Νιόὸης
382 1503 462 1564 τίκνα
474 1507 617 1576 τιθηνεῖται

168 1637 251 1724 lule]
271 1633 541 1708 Διπτοσπαθήτων
557 1621 720 1724 χλανιδίων
733 1626 870 1722 ἐρειπίοις

273 1751 431 1818 θαλπουσοι
444 1748 495 1816 καὶ
513 1745 665 1839 ψύχουσα,
682 1745 733 1814 καὶ
743 1743 827 1832 πύνῳ
839 1742 930 1810 πύνον

274 1870 308 1933 ἐκ
320 1865 426 1942 νυκτθς
443 1862 640 1930 ἀλλάσσουσα
655 1861 705 1927 τὸν
722 1859 789 1926 καθ’
805 1857 930 1950 ἡμέραν.

170 1997 214 2056 Cf.
232 1993 402 2053 Valckenar.
421 1991 457 2049 ad
483 1989 594 2048 Phalar.
618 2009 646 2067 p.
666 1992 704 2048 X.
726 1993 872 2046 Postrema
887 1981 932 2044 καλ

170 2082 242 2164 πθνιρ
244 2125 291 2141 .....
310 2079 411 2160 ἡμέραν
431 2077 529 2136 addita
548 2088 614 2135 sunt
634 2095 670 2133 ex
689 2095 718 2153 p.
735 2073 805 2150 496,
821 2074 861 2143 Ε,
884 2072 932 2131 ubi

171 2167 327 2253 σπαργάνων
355 2169 493 2246 scripturn
519 2185 573 2243 pro
597 2163 746 2246 χλανιδίων.
775 2161 934 2241 Paedagogo
975 2194 979 2200 ·

172 2259 340 2320 Welclxerus
364 2275 479 2314 versum
504 2253 638 2312 attribuit
658 2249 736 2331 apud
759 2251 834 2310 Plut.
860 2255 933 2310 Mor.

173 2369 202 2428 p.
218 2367 264 2420 77,
278 2347 529 2422 B‚etp.619‚x:
690 2341 693 2348 ’

171 2483 254 2564 [tto]
270 2459 345 2563 ὑτῳ
363 2465 392 2540 θ’
407 2475 517 2567 ἔρωτος
534 2463 641 2566 δῆγμα
651 2435 796 2538 παιδικοῦ
811 2479 920 2564 προσῇ.

172 2617 295 2694 Reliqua
335 2624 439 2692 praeter
483 2608 593 2669 exitum
632 2609 811 2688 ignorantur.
843 2605 937 2666 Nioba

175 2722 350 2784 quamquam
363 2701 488 2760 liliorum
498 2699 577 2776 caede
589 2695 673 2757 valde
691 2697 794 2757 allecta
806 2709 877 2771 erat,
890 2709 935 2756 ta-

175 2813 240 2852 men
256 2792 380 2850 hliarum
399 2807 521 2847 numero
535 2786 703 2859 exsultavit,
728 2787 819 2846 donec
832 2787 935 2845 harum

175 2900 290 2959 quoque
303 2878 384 2937 clade
407 2895 526 2955 prorsus
541 2873 789 2955 prosternebatur.
806 2874 936 2933 Welclte·

176 2989 225 3026 rus
239 2968 310 3026 filias
324 2978 409 3046 putat
423 2968 519 3024 statim
542 2977 610 3042 post
623 2964 710 3023 verba
724 2966 823 3023 matris
839 2985 935 3024 earum

167 3057 297 3112 'numero
314 3052 466 3130 gaudentis
477 3071 565 3129 supra
580 3052 701 3132 fratrum
713 3071 836 3131 corpora
850 3055 937 3111 mori-

175 3139 286 3200 bundas
296 3139 465 3212 concidisse,
473 3139 504 3197 id
515 3137 594 3216 qnod
607 3137 707 3196 eodem
716 3141 829 3199 modoa
843 3147 938 3220 Scopa

176 3243 205 3289 et
216 3229 358 3290 Praxitele
372 3247 540 3308 expressum
555 3228 704 3306 sculptura
717 3247 777 3287 esse
793 3229 840 3287 ait
862 3234 938 3290 'rum

176 3338 246 3378 vero
257 3317 380 3377 Niobam
395 3319 535 3377 immenso
546 3316 647 3375 dolore
663 3317 850 3394 stupefactam
863 3319 939 3378 inter

175 3427 300 3485 corpora
321 3406 479 3479 sedentem,
502 3404 571 3464 dum
595 3417 671 3464 terra
691 3407 938 3474 commovebatur.

129 3558 130 3561 ,
176 3495 224 3554 illa
237 3494 354 3571 dixisse,
364 3515 427 3574 quae
438 3494 515 3572 apud
526 3493 685 3572 Diogenem
695 3499 789 3554 Laert.
802 3500 867 3570 vlt,
885 3498 939 3556 128

177 3584 333 3662 leguntur:

176 3723 260 3806 latr]
315 3699 468 3813 θρχομαι·
486 3717 518 3786 τί
534 3723 566 3812 μ’
584 3720 682 3803 αύιιςς

177 3858 201 3914 si
214 3855 303 3914 verba
316 3867 383 3912 sunt
394 3851 560 3930 Sophoclis,
575 3872 634 3910 non
648 3851 781 3929 AEschyli.
796 3861 941 3934 Diogenes

178 3944 253 4001 enim
273 3941 303 4001 τὸ
317 3945 347 4000 ἐκ
359 3945 406 4012 τῆς
427 3939 527 4011 Νιόύης
542 3941 590 3999 ait.
614 3940 733 4020 (Eadem
750 3943 818 4002 citat
838 3943 941 4004 Suidas

180 4032 207 4087 in
222 4051 249 4089 ν.
268 4029 365 4107 λύεις.)
382 4035 419 4088 Ει
438 4030 484 4088 hic
508 4042 591 4088 terrae
608 4041 702 4089 motus
717 4030 792 4109 apud
804 4033 940 4093 Pbotium

179 4129 223 4174 est
243 4137 271 4176 ν.
294 4114 473 4184 Νοὸακίζεινι
496 4115 526 4175 πθ
548 4114 707 4197 ὀρχούμενον
728 4125 781 4187 τοῖς
805 4119 942 4187 δακτύλοις

180 4205 326 4285 ἐπιφορεῖν.
353 4202 467 4281 Σεισμθς
489 4203 585 4284 Νιόύη.
609 4206 769 4284 Sophocles
791 4207 893 4266 deinde
910 4209 939 4268 in

180 4292 301 4369 Lydiam
328 4311 391 4351 eam
416 4292 529 4351 venisse
547 4293 587 4350 ait
618 4291 771 4370 (Eustath.
796 4315 825 4374 p.
849 4297 939 4371 1367,

148 4385 150 4390 “
181 4381 240 4459 aa),
259 4400 432 4458 quamquam
445 4400 503 4438 non
518 4379 695 4458 refragabor,
707 4383 730 4440 si
749 4383 813 4460 quis
828 4397 941 4462 optasse

180 4466 257 4526 illam
268 4481 391 4544 censeat,
406 4482 437 4527 ut
448 4467 633 4549 abriperetur
643 4469 678 4527 ad
691 4471 857 4547 perniciem.
865 4473 940 4534 Plnt.

180 4557 294 4616 Consul.
307 4557 343 4617 ad
358 4553 454 4638 Apoll.
470 4561 515 4616 ab.
529 4563 630 4636 ltaque
644 4559 780 4635 Sophocli
795 4560 940 4619 suffecisse

181 4647 341 4722 putandum
354 4659 396 4706 est
407 4645 581 4715 ostendisse,
595 4646 743 4724 quomodo
754 4648 851 4708 Nioba
863 4669 941 4708 snm-

532 4819 593 4870 318.

183 4885 267 4940 Eram
283 4883 356 4940 onim
376 4885 463 4942 amica
488 4884 547 4956 ejus
574 4885 620 4958 qui
641 4885 712 4942 inter
728 4885 779 4942 hos
796 4893 856 4942 erat
877 4893 945 4944 natu

622 4965 766 5021 maximus.

533 5039 595 5090 ote.

184 5178 279 5238 fovens
292 5189 320 5238 et
335 5179 507 5253 refrigerans,
521 5191 550 5240 οι
561 5182 655 5240 labore
668 5183 788 5242 laborem

183 5101 314 5159 Tenuitcr
325 5109 459 5158 tertarum
471 5102 604 5161 taenarum
616 5105 722 5162 laciniis
731 5035 947 5166 nuaaihbdbii

707 397 917 462 soanoctts
940 391 1187 456 FRAGMENTA.

977 543 1026 583 mo
1041 523 1141 583 dolore
1160 523 1266 582 afflicta
1280 521 1404 600 patriam
1423 520 1453 580 in
1467 520 1597 599 lapidem
1613 517 1752 578 obdura·

979 627 1043 672 tura
1065 623 1223 691 repeteret,
1249 629 1344 689 neque
1364 629 1434 668 rero
1464 610 1521 668 hoc
1545 608 1663 686 ipsum,
1692 627 1765 684 qno>

978 699 1126 758 auditores
1147 699 1343 757 vehementius
1366 709 1643 768 commoverentur,
1659 697 1756 752 versi-

978 789 1033 848 bus
1044 788 1210 866 expositum
1224 805 1296 846 esse.
1315 784 1394 858 Quid
1408 797 1503 843 tamen
1519 785 1655 842 futurum
1666 795 1757 856 esset,

980 888 1067 954 poeta
1085 875 1154 933 satis
1175 873 1327 950 indicarit,
1344 873 1368 930 si
1386 869 1483 930 Nioba
1496 883 1630 949 optaret,
1647 882 1683 928 ut
1704 889 1758 946 per
1822 891 1823 898 ¹

980 983 1074 1024 aerem
1091 963 1120 1022 in
1136 961 1257 1039 Lydiam
1271 959 1462 1040 abriperetur.

1021 1057 1093 1110 Sunt
1114 1064 1251 1129 praterea
1268 1050 1322 1108 tria
1346 1049 1520 1126 fragmenta,
1543 1066 1609 1125 qua
1629 1065 1696 1106 non
1718 1045 1758 1102 ita

982 1141 1065 1199 facile
1085 1139 1204 1218 dixeris,
1221 1157 1280 1216 quo
1298 1137 1473 1217 pertineant.
1487 1140 1655 1213 Harpocr.:
1669 1131 1759 1211 [322]

982 1225 1158 1308 sdepptara'e·
1170 1255 1182 1280 ι
1195 1225 1310 1306 Δίδυμος
1322 1223 1371 1306 μὲν
1387 1223 1533 1284 ἀποδίδωσι
1550 1221 1598 1295 τὴν
1622 1221 1759 1293 σκώληκα

982 1312 1050 1373 ollam
1070 1313 1191 1393 λίγεσθαι
1204 1316 1242 1396 τῷ
1265 1314 1394 1396 Σοφοκλεῖ
1413 1313 1440 1372 ίν
1463 1308 1558 1390 Naida.
1578 1309 1760 1390 'alpinam

983 1399 1010 1460 dl
1029 1401 1058 1460 τθ
1084 1403 1242 1484 Σοφόκλειον
1264 1399 1437 1481 ίξηγούμινος
1457 1397 1502 1460 τθν
1529 1397 1588 1480 ὄφιν
1619 1397 1757 1457 ἀπέδωκε.

984 1487 1096 1562 Μήποτε
1111 1489 1141 1550 bl
1155 1492 1255 1569 μᾶλλον
1270 1487 1301 1548 dr
1321 1486 1440 1557 θστιςτθ
1455 1487 1574 1570 δέρματα
1588 1486 1675 1552 ίσθίει
1697 1487 1759 1567 δερ-

985 1579 1088 1656 μιστής.
1102 1579 1143 1640 Cf.
1156 1580 1238 1638 rhos.
1250 1599 1277 1657 p.
1295 1579 1362 1655 393,
1377 1575 1629 1650 aretinarum.
1643 1597 1673 1653 p.
1690 1584 1758 1647 σου,

988 1675 1034 1735 ιι..
1060 1667 1155 1728 Schol.
1173 1666 1211 1726 ad
1243 1666 1318 1727 uad.
1344 1666 1407 1726 Col.
1433 1665 1489 1733 684
1507 1685 1515 1722 τ
1532 1663 1619 1742 [828]
1644 1663 1757 1738 λίαῖντῇ

986 1753 1072 1834 Natta
1087 1757 1101 1816 θ
1113 1756 1249 1838 Σοφοκλῆς
1263 1752 1308 1813 abs
1327 1752 1421 1836 κρόκον
1435 1751 1604 1835 ἄντικρυςτῇ
1630 1749 1758 1828 Δήμητρι

985 1842 1141 1904 ιἰνατίθιται.
1156 1844 1281 1904 Facilior
1296 1855 1339 1904 est
1359 1841 1526 1920 conjectura
1539 1841 1576 1900 de
1593 1841 1663 1899 loco
1678 1839 1756 1917 apud

986 1931 1090 1992 Athen.
1103 1937 1152 2006 lv,
1160 1953 1188 2011 p.
1205 1933 1316 2006 176,F:
1329 1928 1629 2010 [³24]Tolresfhdp.ao<
1638 1925 1757 1992 αὐλούς·
1822 1993 1823 2000 γ

986 2010 1022 2078 ὧν
1042 2019 1200 2100 μνημονεύει
1218 2020 1357 2103 Σοφοκλῆς
1370 2021 1396 2079 lx
1412 2017 1497 2099 Nuda
1515 2041 1545 2077 τε
1564 2018 1614 2075 κᾶν
1634 2017 1757 2092 'supea-
1822 2001 1823 2030 ¹

986 2116 1096 2182 νιστοιῖς,
1122 2111 1170 2168 ούκ
1190 2108 1285 2175 ἄλλους
1306 2105 1379 2174 τινθς
1401 2095 1468 2166 εἶναι
1495 2104 1627 2182 ἀκούομεν
1654 2101 1673 2175 ἢ
1699 2103 1757 2168 ποθι

987 2195 1129 2275 Φρυγίους.
1142 2196 1236 2256 Facile
1256 2195 1324 2254 inde
1338 2193 1493 2252 concludas
1507 2193 1595 2252 fuisse
1617 2192 1757 2250 mulieres

988 2285 1096 2361 Lydas,
1109 2305 1175 2363 (luae.
1194 2286 1316 2352 chorum
1330 2283 1556 2362 composuerint.
1579 2287 1695 2342 Verum
1719 2281 1756 2336 ti·
1822 2323 1823 2326 ι

988 2371 1051 2432 bias
1071 2373 1210 2452 Phrygias
1231 2373 1327 2452 potins
1347 2383 1586 2430 commemoratas
1609 2368 1755 2447 suspicor,

988 2473 1020 2519 ut
1042 2462 1208 2521 solemnitas
1236 2461 1387 2540 pietasque
1411 2479 1529 2532 eorum,
1559 2458 1611 2536 qui
1638 2462 1757 2516 Latona

988 2549 1205 2628 supplicabant,
1216 2549 1306 2628 magis
1317 2559 1487 2627 appareret3
1498 2547 1628 2624 satisque
1644 2557 1756 2604 constat

990 2635 1074 2694 tibias
1087 2635 1224 2714 Phrygias
1238 2635 1268 2694 in
1280 2637 1368 2695 sacris
1377 2654 1439 2694 esse
1449 2633 1604 2694 adhibitas.

1028 2726 1059 2784 Si
1072 2725 1222 2803 Amphion
1234 2745 1250 2782 a
1263 2737 1348 2803 poeta
1364 2723 1440 2782 inter
1452 2741 1591 2802 personas
1613 2718 1757 2797 tragoedia

990 2827 1123 2894 receptus
1144 2826 1200 2887 est,
1229 2826 1260 2872 ut
1281 2832 1384 2872 omnes
1402 2831 1483 2871 casus
1506 2810 1612 2870 domus
1640 2807 1757 2870 Niobea

990 2901 1211 2961 ostenderentur
1224 2913 1312 2979 atque
1323 2901 1354 2960 in
1369 2900 1425 2958 hoc
1441 2919 1558 2978 qnoque
1568 2896 1757 2980 describere·

990 3003 1047 3062 tur,
1062 3011 1148 3068 qrram
1165 2989 1262 3050 subito
1276 3009 1388 3049 summa
1403 2989 1523 3049 felicitas
1543 2988 1670 3046 fortunae
1685 3007 1756 3044 cou—
1822 3039 1823 3062 γ

991 3079 1124 3140 versione
1138 3079 1167 3137 in
1189 3091 1347 3138 extremam
1363 3079 1555 3138 calamitatem
1570 3089 1758 3134 convertere-
1822 3067 1823 3070 ¹

992 3180 1047 3240 tur,
1054 3179 1149 3226 taurea
1158 3167 1234 3225 illius
1244 3179 1339 3245 partes
1349 3167 1465 3246 exiguas
1477 3166 1564 3223 fuisse
1576 3183 1699 3222 necesse
1709 3175 1757 3220 est
1822 3205 1823 3242 γ

991 3260 1029 3312 λι
1043 3256 1067 3314 si
1081 3255 1130 3314 ille
1141 3268 1208 3313 ante
1223 3254 1325 3313 Niobae
1335 3250 1446 3314 abitum
1467 3254 1534 3312 ritae
1553 3253 1643 3311 finem
1663 3251 1757 3330 gladio

990 3342 1144 3421 imposuit,
1167 3343 1235 3402 satis
1259 3343 1429 3422 intelligitur
1452 3362 1505 3401 cur
1530 3339 1631 3402 Nioba
1652 3339 1758 3401 Thebis

992 3451 1139 3492 remanere
1152 3451 1212 3490 non
1226 3433 1365 3512 potuerit.

1317 3601 1428 3618 —Q—

1273 3715 1473 3777 oanflYm.

1033 3852 1160 3930 AEschyli
1176 3853 1343 3931 fragmenta,
1352 3873 1417 3933 qnae
1428 3873 1464 3912 ex
1475 3853 1611 3930 Orithyia
1621 3854 1758 3935 tragoedia

993 3955 1106 4001 servata
1118 3953 1195 4017 sunt,
1208 3961 1298 4019 quum
1310 3941 1528 4020 explicaremus,
1540 3925 1646 4000 brania
1661 3962 1695 4002 ea
1710 3962 1757 4002 ex·

994 4031 1153 4111 posuimus,
1170 4049 1235 4109 qna
1251 4029 1287 4088 ad
1302 4029 1534 4109 perspiciendum
1549 4029 1699 4108 tragoediae
1712 4052 1758 4089 ar-

994 4130 1161 4196 gumentum
1187 4119 1350 4178 necessaria
1366 4117 1450 4177 nobis
1472 4119 1533 4177 visa
1559 4132 1638 4176 sunt.
1660 4124 1757 4198 Itaque

992 4207 1040 4270 illa
1069 4219 1199 4285 repetere
1228 4223 1474 4286 supervacaneum
1502 4220 1560 4280 est,
1592 4207 1650 4265 nisi
1684 4205 1758 4286 qnod

994 4299 1117 4353 Ioannes
1130 4295 1265 4354 Siceliota
1280 4295 1316 4352 de
1328 4306 1451 4374 utroque
1468 4308 1556 4374 poeta
1569 4295 1677 4354 affert:
1690 4295 1758 4356 Φαί-

994 4405 1065 4441 νεται
1078 4386 1097 4455 η
1108 4380 1204 4443 ἀτοπία
1223 4389 1268 4444 τοῦ
1284 4387 1395 4458 ποιητοῦ
1418 4385 1445 4443 ἕν
1462 4387 1501 4464 τῷ
1522 4381 1677 4464 Ὠρειθυίας
1700 4384 1759 4464 δρύ-

995 4493 1074 4550 ματι,
1087 4469 1151 4531 ὅπου
1165 4479 1222 4541 ταῖς
1238 4475 1298 4534 δυσὶ
1311 4470 1417 4554 σιαγόσι
1430 4475 1518 4555 φυσῶν
1539 4475 1553 4529 θ
1575 4471 1680 4554 Βορέας
1696 4479 1759 4552 axaf

994 4561 1041 4636 salv
1056 4562 1205 4622 θύλασσαν·
1221 4565 1249 4623 ού
1265 4563 1316 4646 γθιρ
1330 4561 1401 4645 φέρω
1415 4563 1459 4621 ἐπὶ
1475 4560 1584 4642 μνήμης
1601 4559 1638 4620 τὰ
1653 4561 1756 4638 leporis

994 4649 1190 4730 ἐπιλαθόμενος.
1201 4649 1249 4712 ulo
1260 4652 1305 4711 καλ
1316 4659 1444 4732 μιμεῖται.
1453 4650 1532 4730 Λέγει
1547 4649 1576 4712 δὲ
1589 4649 1652 4730 περί
1664 4651 1756 4709 τούτων

993 4817 1269 4876 noctnmodiurnum
1283 4827 1452 4892 permutans.
1487 4813 1489 4816 ’

1346 4922 1408 4973 820.

1066 5005 1116 5066 Cui
1129 5003 1230 5064 amoris
1244 5003 1476 5080 puerilismorsus
1489 5001 1573 5060 adsit.

1345 5097 1408 5149 821.

1137 5181 1242 5250 Veni03
1255 5179 1323 5254 quid
1336 5195 1380 5238 me
1393 5183 1494 5238 roras?
