3680 5790
188 357 245 410 tto
739 327 949 394 soruoctts
969 323 1223 384 FRAGMENTA.

184 475 325 558 φάρμνχον
335 475 422 538 αὐτοῖς
434 468 581 551 δγηρασίας
593 467 696 526 δοῦναι·
709 460 768 528 τοίας
781 458 809 519 ll
822 457 951 524 λαδύντας
1006 452 1119 514 matio-it
1129 452 1311 532 perhibetur.
1322 459 1361 514 At
1372 455 1397 513 si
1407 453 1544 514 Doetlalut
1557 455 1615 515 ruit
1627 456 1780 516 Vulcanus

185 562 326 645 φπνφγρννν
345 561 377 622 ,ν
396 557 511 638 δωρηθέν
527 556 571 616 tet
590 554 659 614 ὄνου·
674 549 718 611 τὸν
734 548 761 609 δέ
775 547 845 630 δίψει
861 543 950 628 αιιρό·
1005 561 1065 600 non
1079 543 1261 622 intelligitur,
1280 543 1430 622 quomodo
1450 543 1549 604 sabula
1564 545 1705 606 Παιδείας
1725 569 1780 607 ro-

187 675 264 731 μνννν
280 653 362 712 ργφνῑν
374 653 410 714 νγς
425 647 541 728 κρήνην,
552 645 585 717 ἣν
597 641 741 722 {potarem
757 638 829 721 ύφις·
848 637 952 697 καὶτοῦ
1007 632 1066 690 cari
1084 633 1222 711 potuerit.
1241 640 1338 710 Atque
1361 653 1425 712 quae
1442 633 1580 692 Daedalus
1599 635 1685 708 fecit,
1699 639 1784 718 inge-

188 745 269 800 mg
289 737 441 821 ὄρνγγμνννς
456 735 569 796 dmum
591 737 637 792 τοῦ
653 729 740 810 γήρως
757 727 787 788 τὸ
800 726 953 808 φάρμακον·
1007 721 1087 780 uiosa
1100 720 1218 780 luerunt
1237 741 1407 800 summaque
1422 735 1483 780 arte
1496 727 1663 802 composita
1687 749 1784 807 neque

187 828 229 890 γνγ
240 827 339 894 πάντας
351 825 399 905 μὶν
409 824 470 892 νων,
483 823 554 906 ὅφιν,
565 819 626 882 xat’
640 819 750 880 ἥπατον
764 817 864 886 νοοίζιιν
874 817 956 874 ίνιαιν
1009 821 1067 868 tarn
1083 810 1165 868 rudia
1179 829 1269 888 opera
1281 811 1376 889 qualis
1388 812 1476 870 Talos
1490 813 1578 872 luisse
1589 815 1710 875 dicitur.
1724 821 1786 897 Ego

189 919 232 980 τὸν
247 915 440 996 ἀποδυομένους
455 915 485 974 τὸ
501 918 598 992 γῆρας,
614 911 657 971 τὸν
677 908 705 968 ll
718 907 777 990 ύφιν
792 911 840 978 τῆς
857 905 956 987 κρήνης
1010 899 1107 978 potius
1119 897 1293 958 crediderim
1308 919 1325 958 a
1338 913 1431 979 poeta
1450 901 1552 962 festive
1563 924 1626 961 csse
1640 905 1723 964 inter
1735 909 1789 985 jo-

188 1009 294 1092 ννηνννν
307 1006 468 1067 muham
487 1003 518 1062 τὸ
541 1001 623 1084 δίψος.
644 997 724 1060 ‘ota
746 1004 800 1062 τοῖς
821 995 955 1074 δηχθεῖσιν
1010 1007 1059 1046 σοι
1074 987 1314 1064 demonstratum,
1327 1003 1469 1068 quantum
1487 992 1573 1050 Talos
1590 993 1712 1054 disteta
1725 1002 1791 1056 1)ae·

188 1098 294 1174 lpmut
308 1095 396 1175 δίψαν.
409 1093 490 1154 Ἐστι
506 1091 535 1152 δέ
556 1095 570 1150 ὁ
591 1094 671 1168 μῦθος
687 1081 760 1168 παρδ
780 1085 909 1166 Σοφοκλεῖ
929 1083 956 1140 ίν
1011 1077 1089 1152 dalo,
1104 1079 1123 1137 i.
1142 1099 1167 1137 e.
1186 1091 1328 1158 quantum
1342 1078 1423 1138 rudis
1433 1081 1554 1140 materia
1568 1081 1606 1140 ab
1620 1097 1688 1144 arte
1701 1105 1791 1164 supe·

191 1189 302 1267 Κοιφοῑς.
313 1185 420 1246 Eadem
433 1183 526 1242 sabula
538 1201 585 1260 ap.
596 1181 740 1238 AElianum
751 1179 787 1234 N.
797 1179 834 1234 Δ.
847 1173 957 1245 v1,51.
1011 1180 1101 1229 retur.
1134 1166 1221 1242 Quod
1249 1168 1398 1248 quomodo
1429 1183 1517 1249 poeta
1544 1171 1660 1247 lecerit,
1699 1177 1793 1235 nobis

1013 1274 1131 1337 prorsus
1152 1258 1367 1338 incompertum
1389 1271 1440 1317 ert.
1464 1260 1552 1320 Talna
1572 1263 1668 1338 qualis
1700 1266 1794 1325 suerit

1013 1358 1190 1406 memoratur
1211 1367 1228 1406 a
1249 1346 1348 1407 Schol.
1371 1347 1443 1406 Plat.
1464 1367 1494 1426 p.
1518 1350 1576 1426 396
1594 1349 1647 1410 Bk.
1670 1374 1678 1408 :
1702 1347 1794 1436 [tta]

1013 1433 1175 1516 (Σαρδάνιος
1202 1433 1303 1514 γέλως)
1326 1435 1478 1515 Σιμωνίδης
1503 1435 1531 1495 ll
1552 1437 1606 1497 ἂπδ
1632 1437 1723 1499 Τέλαν
1743 1449 1794 1500 τοῦ

1013 1525 1131 1604 χαλκοῦ,
1145 1521 1174 1583 δν
1192 1521 1343 1608 Ἥφαιστος
1360 1523 1554 1607 ἐδημιούργησε
1571 1527 1660 1610 Μίνῳ,
1680 1529 1794 1610 φύλακοι

1013 1617 1059 1685 τῆς
1069 1611 1151 1686 νήσου
1161 1613 1332 1690 ποιήσασθαι,
1343 1613 1461 1696 ἔμψυχον
1472 1613 1545 1690 ὄντα,
1555 1613 1615 1683 τοίις
1625 1619 1795 1686 calcidam}

1014 1725 1079 1783 φησι
1099 1701 1279 1763 κατακαίοντα
1298 1705 1429 1784 ἀναιρεῖν·
1443 1703 1502 1763 dite
1515 1705 1567 1765 οίπδ
1582 1713 1630 1766 τοῦ
1646 1709 1794 1790 σεσηρέναι

1015 1787 1058 1848 διδ
1074 1795 1123 1862 τὴν
1134 1789 1219 1873 φλόγα
1232 1790 1277 1850 τδν
1296 1791 1436 1872 σαρδένιύν
1452 1816 1518 1875 φησι
1529 1795 1661 1874 λεγδῆναι-
1673 1796 1793 1874 γέλωτα.

1016 1877 1133 1957 Ὁμοίοις
1157 1879 1202 1940 καί
1223 1881 1361 1962 Σοφοκλῆς
1387 1881 1414 1940 έν
1442 1879 1576 1963 Δαιδάλῳ.
1604 1886 1794 1957 Quibuscum

1016 1971 1092 2030 conl.
1104 1972 1382 2052 paroemiographos.
1396 1974 1482 2032 Plura
1494 1973 1575 2033 addit
1586 1977 1683 2036 schol.
1693 1982 1794 2059 Apoll.

1017 2059 1114 2119 ahod.
1128 2065 1181 2139 lv,
1200 2063 1294 2120 1638·
1310 2062 1392 2142 [715]
1407 2062 1504 2130 Τάλως
1520 2062 1570 2142 μὲν
1585 2057 1619 2138 ἦν
1641 2068 1797 2144 τοῦγένους

1017 2148 1117 2208 ἐκείνου
1129 2153 1174 2210 τοῦ
1186 2151 1297 2230 χαλκοῦ·
1310 2149 1370 2220 ὅλος
1383 2149 1410 2210 δέ
1420 2153 1535 2230 χαλκοῦς
1547 2153 1584 2212 ὧν
1594 2153 1716 2237 σύριγγα
1725 2149 1798 2238 εἶχεν

1018 2238 1061 2297 lari
1074 2243 1121 2298 τοῦ
1136 2244 1234 2319 οφυρῶ
1248 2238 1324 2319 ύμένι
1341 2239 1544 2321 περιεχομένην.
1561 2243 1661 2324 Σῦριγξ
1679 2246 1711 2304 δέ
1725 2248 1798 2306 ἐστιν·

1018 2329 1035 2396 ἡ
1046 2327 1152 2406 περόνη.
1165 2325 1306 2406 Ῥαγείαης
1316 2319 1361 2388 ούν
1375 2333 1422 2402 τῆς
1432 2329 1554 2413 σύριγγος
1566 2331 1683 2414 εἵμαρτο
1693 2335 1800 2394 ἁλῶναι

1019 2414 1106 2474 αύτύν.
1116 2417 1142 2476 Τ
1142 2421 1202 2476 otro
1211 2415 1239 2474 δέ
1247 2415 1293 2476 καί
1303 2419 1440 2500 Σοφοκλῆς
1449 2443 1528 2500 φησιν
1540 2421 1567 2478 έν
1580 2423 1680 2502 ’δὀίλῳ.
1696 2427 1802 2503 ltaque

1019 2505 1130 2564 facilius
1145 2507 1282 2586 conjicias
1301 2509 1398 2586 potius
1412 2509 1448 2568 de
1458 2509 1542 2569 obitu
1558 2531 1647 2589 quam
1666 2512 1706 2572 de
1730 2531 1801 2574 ortu

1019 2597 1095 2656 illius
1113 2597 1142 2656 in
1158 2596 1288 2658 dramate
1302 2612 1399 2658 actum
1415 2619 1486 2660 esse.
1507 2599 1551 2660 Cl.
1568 2603 1710 2679 Apollod.
1724 2609 1756 2675 l,
1772 2628 1800 2682 9,

1020 2686 1067 2744 ού.
1083 2685 1128 2746 ad
1140 2685 1254 2748 laudem
1267 2687 1379 2748 Daedali
1392 2689 1540 2749 retulerim
1551 2710 1616 2767 quac
1626 2691 1721 2752 babet
1735 2697 1801 2753 Pol·

190 1275 285 1334 Facile
302 1287 424 1354 apparet
439 1273 557 1351 quinam
576 1270 597 1329 ii
614 1268 672 1328 siut
686 1267 736 1345 qui
750 1262 958 1342 intelligantur,

191 1383 249 1423 non
263 1365 336 1422 muti
350 1363 400 1421 scd
412 1361 538 1440 imperiti
554 1359 604 1436 qui
617 1355 673 1436 ipsi
689 1354 768 1414 bona
779 1373 838 1410 noa
854 1369 959 1429 agnos-

191 1465 258 1512 cant
271 1453 394 1531 ideoque
408 1453 443 1508 iis
460 1451 500 1508 uti
512 1448 650 1506 nesciant.
662 1445 746 1505 Tales
758 1454 853 1500 autem
866 1439 959 1498 homi·

191 1559 242 1600 nea
256 1542 373 1600 luerunt
385 1552 539 1616 antequam
552 1557 569 1596 a
583 1532 756 1595 Prometheo
770 1529 960 1602 docebantur,

192 1643 224 1688 ut
238 1643 283 1688 est
299 1626 378 1708 apud
391 1628 558 1705 AEschylum
572 1626 602 1682 in
618 1621 792 1684 Prometheo
808 1629 863 1693 (147
879 1639 959 1695 seqq.

191 1721 396 1796 Fragmentum
409 1736 499 1776 unum
512 1713 591 1793 apud
604 1711 695 1772 schol.
707 1710 743 1770 ad
754 1708 851 1788 Apoll.
864 1706 959 1766 Rhod.

191 1811 221 1880 Ι,
235 1825 292 1884 97²
309 1805 483 1883 imperitiam
505 1803 658 1862 hominum
679 1800 820 1877 attingere
836 1795 960 1854 videtur.

192 1893 306 1973 Λέγεται
323 1893 350 1953 δὲ
369 1892 453 1960 ίουλος
472 1892 518 1951 καί
532 1889 598 1960 ζῶύν
620 1913 663 1962 τι,
680 1887 796 1969 δηρίδιον
812 1883 960 1945 πολύπουν.

192 1981 352 2066 ίκατέρονδεν
364 1979 416 2063 tl?
429 1981 484 2061 έχοι
498 1978 608 2044 πολλοὺς
620 1977 712 2048 πόδας,
725 1974 815 2055 ὥσπερ
828 1978 845 2046 ἠ
865 1969 962 2032 σκολύ-

192 2070 301 2150 πτνδρα.
320 2069 491 2152 Θεόφραστος
504 2068 532 2127 dl
545 2069 571 2126 έν
585 2091 618 2146 τη
635 2063 698 2147 πρδς
715 2061 820 2125 Φανίαν
837 2062 962 2140 ἐπιστολῇ

193 2156 239 2216 καὶ
250 2155 308 2216 δνον
324 2155 403 2240 φησὶν
417 2155 495 2216 αύτδν
507 2157 656 2228 καλεῖσθαι,
665 2154 702 2220 ὡς
713 2150 786 2232 παρὰ
796 2149 926 2230 Σοφοκλεῖ
937 2151 962 2210 έν

195 2249 299 2330 liupolt
311 2247 445 2328 σαιύροις·

246 2369 327 2448 [m]
345 2365 505 2446 Κυλισδιίς
522 2371 562 2445 ὥς
576 2391 621 2443 τις
634 2364 701 2442 ὄνος
718 2360 883 2454 ίούσιτριος.

194 2474 302 2556 (Codex
321 2481 384 2538 Par.
405 2474 496 2560 ὥσπερ
517 2475 597 2554 drot.)
612 2477 686 2536 llinc
710 2472 835 2553 Hesych.
853 2494 861 2531 ι
878 2499 890 2526 α
909 2469 965 2538 ὄνος

195 2561 327 2646 ίούσπριος
345 2592 370 2637 ιν
390 2568 455 2640 ζῶον
472 2563 621 2640 πολύπουν,
639 2561 741 2644 δοττρίῳ
757 2559 862 2640 δμοιον,
880 2557 895 2618 δ
919 2558 964 2617 καὶ

195 2653 282 2713 ίουλύν
300 2653 368 2721 τινές
390 2679 477 2736 φασιν.
499 2655 588 2716 Aliud
609 2655 803 2733 fragmentum
824 2663 868 2710 est
887 2650 965 2729 apud

195 2743 320 2802 eundem
332 2743 423 2801 schol.
443 2745 580 2824 Apollon.
595 2749 623 2816 1,
640 2743 714 2800 1126
729 2765 735 2800 ι
749 2737 814 2800 Ὀτι
826 2737 853 2800 δὲ
866 2737 965 2821 Νύμφη

194 2855 233 2898 τις
246 2829 370 2900 Οἰαξίδος
379 2833 428 2910 γῆς
439 2831 588 2910 δραξαμένη
598 2829 656 2897 τούς
666 2826 844 2907 καλουμένους
856 2827 966 2893 Ἰδαίους
1001 2857 1004 2863 ·

195 2918 347 2988 Δακτύλους
362 2920 470 2992 ἐποίησα
487 2923 560 3003 παρὰ
579 2917 785 3001 Στησιμδρύτου
799 2915 906 3000 είληφε·
921 2915 965 2976 καὶ

195 3006 236 3067 δτι
251 3007 294 3068 διδ
314 3007 345 3070 τδ
365 3013 457 3090 ῥυῆναι
476 3009 569 3079 αὐτούς
587 3005 631 3068 διδ
648 3011 701 3067 τῶν
718 3011 815 3090 χειρῶν
834 3007 966 3068 Δάκτυλοι

195 3099 354 3171 ίκλήδηααν.
366 3101 448 3178 [tta]
458 3101 596 3183 Σοφοκλῆς
608 3097 635 3157 δέ
648 3096 740 3164 αὐτούς
752 3125 764 3151 ιι
775 3093 885 3177 Φρύγας
895 3121 906 3148 ν
918 3118 966 3154 κα-

169 3247 173 3254 ,
196 3189 236 3248 λεῑ
249 3189 395 3270 altrepa<
404 3187 534 3270 σατύροις.
546 3187 709 3248 Brunckius
719 3185 801 3244 addit
814 3207 821 3244 ι
834 3211 846 3238 ιι
860 3186 967 3244 Confer

195 3275 358 3336 Zenobiam
371 3282 458 3336 Pror.
475 3281 531 3350 tv,
551 3278 604 3350 δον
622 3275 723 3354 Κέλμις
739 3276 765 3333 la
779 3273 898 3356 σιδήρῳ,
916 3273 967 3332 ubi

197 3365 270 3424 male
283 3366 391 3424 citatur
401 3366 561 3444 Sophocles
572 3367 599 3424 ίν
613 3363 751 3446 Σατύροις,
766 3376 796 3422 et
809 3363 967 3424 Wessclin-

197 3453 276 3532 gium
293 3454 330 3512 ad
344 3455 509 3514 Diodorum
522 3456 580 3516 Sic.
595 3453 652 3514 vol.
668 3458 698 3528 Ι,
712 3473 740 3532 p.
755 3454 822 3526 381,
835 3461 861 3524 1,.
879 3453 966 3511 alid.

197 3541 292 3602 Strab.
307 3547 355 3620 X,
368 3564 396 3622 p.
414 3546 483 3617 173.

483 3663 683 3778 DAEffiS.

236 3831 347 3890 Daedali
367 3843 571 3908 argumentum
598 3849 722 3909 prorsus
745 3828 892 3890 diversum
914 3831 969 3890 luit

1021 2775 1070 2834 lua
1089 2778 1160 2851 Vll,
1179 2797 1254 2850 117:
1270 2776 1349 2836 Ἐπεί
1371 2776 1397 2838 δὲ
1417 2776 1463 2837 καὶ
1481 2779 1637 2857 οἰκοδόμους
1656 2779 1802 2863 Ὁμήρους

1019 2865 1143 2934 τέκτονας
1158 2869 1235 2929 καλεῖ
1247 2868 1292 2930 καὶ
1308 2868 1470 2950 ἀρχιτέκτων
1493 2869 1597 2952 εἴρηται
1617 2874 1696 2951 παρὰ
1722 2879 1802 2936 llitd-

1019 2955 1187 3018 rutabula
1203 2953 1253 3038 γδρ
1267 2962 1285 3030 ἡ
1299 2958 1326 3018 ἐν
1337 2960 1376 3038 τῷ
1390 2957 1554 3038 Σοφοκλέους
1571 2960 1704 3043 Δαιδάλῳ
1716 2963 1803 3043 [716]

1020 3044 1218 3127 «τικτόναρχος
1230 3047 1336 3106 Μοῦσα.
1354 3074 1366 3101 ι
1389 3047 1511 3127 Reliqua
1528 3069 1649 3129 prorsus
1669 3051 1801 3112 obscura

1021 3146 1096 3193 sunt.
1108 3134 1203 3193 Sclml.
1213 3134 1362 3214 Aristopb.
1378 3141 1444 3197 Pac.
1459 3137 1495 3210 73
1512 3160 1519 3196 ε
1535 3139 1660 3216 Μεγάλαι
1674 3141 1801 3218 λέγοντα·

1021 3212 1088 3281 ε’ίναι
1098 3223 1168 3282 κατὰ
1176 3221 1223 3295 τὴν
1231 3221 1331 3297 Αἴτνην
1339 3223 1497 3306 κάνθαροι...
1509 3227 1649 3308 Σοφοκλῆς
1659 3231 1793 3312 Δαιδάλῳ

1021 3327 1275 3426 [117]Ᾱλλόύδὲ
1288 3341 1342 3432 μίν
1356 3332 1395 3416 δὴ
1409 3339 1556 3436 κάνθαρος
1568 3351 1633 3410 τῶν
1640 3346 1800 3418 Αἰτναίαν

1116 3472 1239 3512 παντων
1242 3495 1348 3515 .....

1021 3555 1101 3634 Λέγει
1115 3553 1143 3613 δέ
1162 3555 1243 3615 πέντ’
1256 3554 1364 3626 είκοίζων
1383 3557 1418 3622 είς
1433 3555 1527 3636 μέγαν.
1541 3585 1553 3611 ει
1570 3560 1670 3622 verba
1682 3566 1796 3643 Sopita-

1022 3646 1073 3704 clis
1083 3643 1170 3704 luisse
1184 3645 1338 3723 videntur,

1073 3732 1141 3794 Ἀλλ’
1152 3735 1181 3793 οὗ
1196 3731 1243 3810 μὲν
1259 3731 1291 3806 δὴ
1305 3732 1433 3812 κάνθαρος
1444 3725 1518 3804 οὗτος
1533 3737 1585 3794 τῶν
1601 3738 1775 3798 Αἰτναίων..

1022 3820 1158 3882 Diudorl.
1183 3821 1308 3898 Hesyclr.
1330 3821 1414 3900 [tta]
1428 3847 1441 3875 ι
1456 3820 1614 3902 Γοργοίδοινν
1633 3852 1645 3876 ι
1670 3826 1800 3886 andana.

197 3920 234 3979 ab
249 3940 295 3994 eo,
309 3921 389 3999 quod
402 3920 492 3979 modo
503 3921 708 3995 tractarimm3
722 3931 751 3979 at
767 3920 968 3980 estintellectu
1024 3913 1089 3992 Σσσ·
1106 3909 1240 3992 Ᾱσῑδᾶδῳ·
1254 3911 1320 3970 Vld·
1338 3909 1413 3970 Lud·
1428 3911 1565 3970 Dl⁰d⁰ff·
1581 3913 1619 3972 ad
1637 3919 1675 3974 Η·
1697 3919 1790 3996 δίψί]

197 4009 282 4085 longe
299 4009 506 4069 difficillimum.
520 4017 560 4067 Αο
576 4030 613 4068 αα
623 4009 697 4067 illud
711 4007 829 4087 quidem
842 4022 967 4084 constat,
1022 4002 1108 4061 Thes·
1119 4001 1260 4078 Idemque
1276 4000 1439 4077 He⁵l⁰hlu⁵
1453 4000 1535 4080 [⁷¹9]
1549 4001 1704 4083 σέσὲφθην,
1717 4033 1730 4058 ·
1749 4008 1798 4065 iat·

198 4108 294 4154 utrum
318 4098 456 4175 tragoedia
472 4099 560 4157 luerit
572 4119 609 4156 an
624 4098 722 4158 sabula
741 4099 875 4176 satyrica.
891 4103 968 4158 Vera
1022 4089 1139 4163 atram,
1159 4086 1297 4168 δσσκᾶσσέ
1312 4088 1455 4168 ᾐσχύνθην.
1472 4090 1537 4170 Σοφ.
1551 4089 1682 4172 Δαιδάλῳ
1697 4095 1798 4171 (codar¹

137 4241 140 4250 .
198 4198 294 4245 tamen
315 4204 416 4244 eorum
431 4187 547 4245 videtur
563 4207 625 4247 esse
644 4189 797 4262 sententia,
811 4188 863 4265 qui
877 4207 967 4266 quum
1022 4177 1165 4260 σανδάλῳ).
1193 4183 1243 4237 Est
1270 4177 1383 4259 ἐσέφδην
1406 4199 1441 4236 cx
1461 4179 1608 4256 Sophocle
1631 4181 1727 4240 etiam
1753 4204 1797 4261 ap.

197 4276 295 4348 Talon,
318 4275 369 4354 qui
388 4277 419 4334 in
442 4277 491 4334 illa
512 4275 970 4350 sabulacommemoratur‚a‹li-
1023 4267 1157 4327 Choetob·
1183 4268 1342 4326 Βσίσίσιδσ·
1364 4288 1394 4344 P·
1421 4267 1612 4341 ¹4¹8‚Ph01·
1632 4290 1664 4349 p·
1697 4292 1798 4349 19,τ;

197 4365 307 4444 gnitate
320 4364 465 4442 tragoediae
476 4364 642 4438 abhorreat,
653 4367 750 4424 omnia
761 4367 837 4424 inter
849 4369 968 4443 Satyros

200 4466 340 4512 transacta
355 4472 417 4513 esse
431 4473 535 4513 censen
541 4467 561 4514 t.
572 4453 743 4512 Welckerus
752 4454 899 4513 Daedalum
911 4468 971 4513 tan·

198 4561 283 4618 quam
299 4543 463 4601 Vulcanum
475 4543 674 4602 introductum
687 4543 868 4620 suspicatur,
882 4563 967 4621 quem

197 4630 290 4690 Talon
306 4651 343 4688 ex
360 4625 418 4689 'aere
431 4633 532 4691 secisse
547 4644 639 4711 putat,
656 4631 744 4710 idque
760 4633 790 4690 in
806 4631 883 4690 hunc
904 4651 969 4690 mo-

199 4718 269 4778 dum
287 4736 404 4800 apoeta
416 4724 581 4802 expositum
602 4743 664 4782 esse
677 4722 806 4801 conjicit,
828 4721 908 4802 quod
924 4723 969 4782 di·

1022 4356 1134 4429 ίαέδδην
1156 4367 1293 4434 corrupte
1315 4355 1344 4414 in
1368 4357 1497 4416 Crameri
1523 4358 1635 4416 anecd.
1659 4359 1725 4418 vol.
1747 4363 1798 4432 Π,

1023 4466 1052 4525 p.
1065 4447 1132 4519 338,
1149 4468 1192 4520 ¹7·

1329 4539 1488 4562 «υκαι-

1224 4614 1364 4677 MOMUS
1386 4634 1445 4675 vnn
1467 4615 1607 4677 COMUS.

1064 4719 1202 4782 Omnium
1225 4723 1348 4778 maxima
1374 4720 1553 4779 obscuritate
1573 4721 1735 4801 oppletum
1761 4737 1799 4783 est

199 4821 274 4868 serte
287 4811 373 4871 Talos
390 4811 427 4869 ab
444 4814 574 4871 Vulcano
590 4812 749 4872 fabricatus
763 4832 854 4872 essen
868 4831 967 4890 gram·
1019 4809 1129 4881 drama,
1142 4809 1222 4890 quod
1239 4815 1354 4869 llomus
1370 4810 1415 4869 vel
1435 4812 1522 4870 etiam
1545 4815 1653 4872 Cornus
1673 4814 1743 4873 sire
1759 4815 1797 4873 la-

554 5028 617 5078 tta.

310 5129 426 5190 Volutus
439 5142 472 5190 ut
484 5134 584 5207 aliquis
597 5149 668 5194 onus
681 5137 824 5212 isosprius.

1093 5062 1132 5116 nt
1144 5059 1181 5115 αα
1190 5057 1347 5115 acarabaeus
1359 4985 1470 5132 uiridem
1487 5060 1691 5118 AEtttaeenstum

1094 5151 1266 5195 amatum...
