3656 5798
208 395 261 450 ιιι

515 514 655 584 auom.

243 630 334 692 lidoni
343 627 443 708 procul
453 627 544 687 dubio
555 627 677 688 chorum
690 625 904 687 constituebant
912 639 970 688 tra-

204 719 304 800 goediae
319 738 383 798 quae
398 717 435 776 ab
447 717 482 775 iis
496 737 600 778 nomen
613 718 733 796 accepit.
757 717 828 776 Belli
844 735 969 794 appara-

805 379 984 444 uscflffl
1004 379 1255 446 FRAGMENTA.

1013 527 1086 576 statu
1099 515 1217 578 Homeri
1230 515 1311 577 iliad.
1325 519 1347 590 l,
1362 509 1433 575 ibi:
1444 513 1567 576 Videtur
1577 515 1656 575 enlm
1667 513 1768 594 Lycur-
1816 494 1821 596 i

1012 625 1064 686 gua
1075 607 1229 680 nuncium,
1242 625 1327 685 quem
1342 607 1523 684 exploratum
1542 605 1669 682 miserat,
1681 623 1770 666 reret·

1012 715 1076 754 sum
1089 708 1118 757 ct
1129 715 1193 775 quaa
1206 696 1325 754 vidisset
1344 695 1442 755 verbis
1459 709 1669 774 exponentem,
1679 694 1770 754 deinde

205 821 267 880 tus,
282 809 422 886 impetus,
437 826 534 884 pugna
545 807 712 878 commissa,
725 805 907 883 captivorum
919 803 971 864 ad·
1012 784 1049 842 ‘d
1062 787 1181 862 ‘limita
1193 783 1413 864 ¹⁹⁰⁸P⁰¹¹d0¹¹¹⁸¹¹¹
1427 784 1467 843 ita
1480 785 1697 863 ἰῑίῑίἰίἰίἰίῑίὅίἰζ

204 910 307 958 ventus
322 917 338 956 a
352 896 465 954 nunciis
484 897 588 974 partim
601 893 817 968 referebantur,
834 913 927 974 pauca
941 893 971 954 ln

204 988 267 1067 ipsa
276 1006 361 1046 scena
372 985 585 1065 spectatoribus
599 987 731 1064 exposita
741 985 885 1043 videntur.
901 989 971 1044 Car-

203 1077 287 1135 minis
300 1075 409 1134 chorici
421 1075 567 1154 egregium
578 1074 767 1153 fragmentum
776 1071 881 1133 Strabo
891 1078 930 1148 X,
942 1093 970 1152 p.

205 1176 262 1238 470
274 1165 418 1238 servavit,
435 1163 517 1242 cujus
532 1164 618 1222 etiam
630 1163 708 1242 apud
722 1162 892 1222 Athenaeum
909 1168 971 1238 XI,

142 1245 143 1248 ¹
203 1275 233 1334 p.
249 1265 321 1332 479,
338 1259 378 1325 Β,
392 1267 421 1312 et
437 1253 623 1313 Scholiastam
635 1252 754 1312 Homeri
769 1252 971 1311 Eustathium-

203 1365 260 1424 que
273 1345 309 1404 ad
328 1344 406 1403 Iliad.
423 1345 470 1416 Ψ,
484 1345 520 1414 34
541 1345 648 1403 mentio
662 1358 705 1404 est
721 1343 804 1403 facta
825 1343 972 1407 Strabonis

203 1433 312 1506 verba,
338 1453 401 1511 quae
424 1430 609 1490 librariorum
633 1431 807 1512 negligentia
836 1443 972 1510 corrupta

204 1535 281 1598 sunt,
296 1522 398 1580 darnus
410 1521 605 1580 emendatiora
619 1543 626 1579 :

244 1613 302 1682 Τῆς
316 1607 363 1688 μὲν
381 1609 481 1676 Κότυος
494 1615 540 1679 τῆς
551 1611 578 1668 ἰν
590 1607 716 1674 Ἠδωνοῖς
729 1605 861 1689 Αἰσχύλος
871 1606 975 1688 μέμνη-

205 1725 248 1760 ται
262 1699 307 1761 καλ
319 1703 372 1759 τῶν
386 1697 447 1782 περὶ
459 1695 540 1770 αὐτὴν
554 1695 687 1779 δργοίνων·
702 1694 782 1756 εἰπὼν
795 1693 847 1778 td?
855 1741 864 1774 ,

256 1813 299 1898 [¹]
316 1812 416 1908 Σιμνδι
437 1816 594 1899 aurumi
620 1818 644 1880 ’ν
665 1821 728 1892 τοῖς
752 1799 909 1901 Ἠδωνοῖς,

310 1923 398 2015 ipim
421 1913 450 1987 d’
467 1921 570 2015 dppctv'
591 1921 732 2012 ἔχοντες,

206 2039 261 2107 τούς
275 2037 336 2120 περὶ
348 2037 392 2097 τδν
406 2035 542 2112 Διόνυσον,
554 2035 646 2103 εύδέως
661 2035 793 2118 ἰπιφίρει,

286 2125 370 2220 [2]O
386 2142 441 2232 μὲν
461 2143 490 2206 ἐν
514 2139 615 2237 χερσὶν
640 2133 798 2232 βύμύυκας
811 2141 888 2232 ἔχων

389 2246 497 2338 τόρνου
517 2242 655 2338 καίματον

335 2344 582 2420 δακτυλύδικτον
607 2350 762 2445 πίμπλησι
789 2353 895 2446 μέλος,

337 2457 445 2554 μανίας
460 2459 617 2554 ἐπαγωγὸν
642 2456 797 2544 ὁμοκλοίν·

335 2571 351 2633 ὁ
374 2557 409 2634 δὲ
424 2559 624 2658 χαλκοδέτοις
644 2567 788 2645 κοιύλαις
808 2559 923 2634 daubei.

209 2680 261 2744 itai
274 2677 370 2741 aditu·

392 2793 436 2873 [t]
448 2789 581 2882 Ψαλμὸς
598 2781 628 2856 δ’
643 2783 803 2876 α’λαλούζει,

313 2895 536 2990 ταυρύφθογγοι
554 2883 582 2960 δ’
602 2901 820 2988 ύπομυκῶνται

313 3001 403 3070 πούέν
425 2994 602 3094 diripereris
619 2997 741 3096 φούεροί
759 3008 861 3096 μῖμοι,

314 3107 448 3177 τυπάνου
470 3097 498 3172 δ’
519 3107 604 3175 εἰκὼν
622 3109 693 3176 ὥσθ’
715 3108 863 3202 ύπογαίου

316 3217 447 3308 βροντῆς
461 3215 584 3307 φέροι-αι
602 3209 809 3308 βαροταρύύς.

211 3325 395 3407 (Legebatur
415 3345 472 3385 ν.ι
500 3327 535 3386 Κ.
555 3327 663 3401 ἕντοῖς,
685 3345 714 3385 r.
732 3345 748 3384 a
765 3323 837 3408 ύρεια
856 3327 896 3402 δ’,
916 3327 978 3386 κύ

211 3412 453 3492 δικταλύδεικτον.)

249 3511 317 3567 uon
337 3503 458 3564 dubium
478 3517 522 3563 est
540 3505 610 3583 quin
632 3505 693 3563 haec
712 3517 826 3564 cantata
843 3505 979 3566 fuerinta

211 3583 302 3654 choro
312 3605 378 3652 ante
391 3591 545 3651 adventum
555 3593 677 3667 Βασιλὶς
687 3610 754 3652 nam
766 3613 842 3673 opus
850 3615 908 3652 non
919 3604 980 3653 erat

212 3684 273 3742 huc
296 3681 437 3760 describi,
455 3683 479 3741 si
495 3679 602 3760 jamin
623 3701 708 3742 scena
729 3696 823 3742 essent
844 3695 979 3762 spectata.

213 3774 312 3850 ltaque
341 3771 465 3830 maxime
494 3771 611 3830 videtur
639 3791 710 3831 vero
741 3785 964 3831 consentaneum

213 3861 319 3936 siquis
341 3860 485 3918 existimet
508 3871 570 3919 turn
593 3879 655 3919 esse
675 3873 821 3921 cantatum
846 3879 981 3942 carmen,

215 3967 304 4026 quum
318 3953 465 4025 Lycurgus
477 3949 519 4007 illi
533 3950 672 4027 impetum
690 3967 763 4009 esset
777 3951 917 4009 illaturus.

253 4036 342 4094 Initio
364 4037 487 4115 dialogi,
506 4051 660 4117 postquam
680 4041 804 4098 nuncius
828 4037 981 4098 adventum

216 4125 320 4182 Bacchi
337 4125 444 4184 instare
460 4126 573 4198 retulit,
588 4126 797 4187 adscribendus
814 4140 858 4187 est
870 4149 981 4203 versus,

217 4211 266 4289 qui
294 4211 416 4270 multum
436 4214 565 4272 exercuit
587 4215 775 4292 interpretes,
791 4236 836 4295 up.
855 4217 982 4277 Scholia·

323 4447 485 4506 Veneranda
499 4383 667 4526 eutyciane
679 4451 753 4525 apud
768 4452 881 4512 Edonos
892 4462 948 4524 cst,

324 4527 376 4583 viri
386 4529 513 4586 altisonis
526 4529 720 4590 instntmeotis
733 4533 871 4592 instructi.

254 4677 335 4734 Alius
346 4679 475 4737 manibus
486 4615 635 4757 homhyies
645 4692 743 4745 tenens

360 4761 434 4816 torni
447 4761 580 4834 laborem,

254 4835 405 4909 digitorum
417 4843 500 4914 pulsu
509 4843 658 4901 cxcitatum
673 4859 786 4903 carmen
797 4845 903 4919 implet,

254 4913 357 4974 ferroris
366 4920 537 4978 incitativam
547 4923 773 4984 vociferationem

256 4993 326 5053 aliua
337 4999 422 5057 eneis
434 5001 506 5059 rasis
520 5003 628 5076 strepit.

610 5119 753 5212 'Psalmus
765 5152 940 5224 vociferatur,

257 5227 447 5304 taurisonique
459 5231 641 5307 submagiunt

1040 919 1082 1000 [⁴]
1095 923 1314 1015 Μακροσιιιλὴς
1330 923 1382 1016 μὲν
1396 917 1455 1018 ἆρα
1466 927 1508 1016 μή
1520 923 1651 1016 χλούνης
1663 947 1710 1002 τις
1722 919 1771 1003 ἦν;

1014 1057 1133 1134 Χλούνης
1143 1072 1239 1119 autem
1251 1061 1378 1120 liacchus
1389 1059 1504 1132 dicitur,
1516 1059 1585 1139 quia
1594 1079 1719 1139 corpore
1729 1060 1771 1118 fuit

1016 1149 1167 1228 ampliore,
1184 1162 1214 1209 et
1227 1148 1409 1231 purpurariis
1420 1163 1463 1209 est
1473 1169 1623 1230 procerus.
1644 1151 1768 1208 Herman-

1015 1257 1070 1297 nus
1084 1240 1125 1298 ita
1138 1238 1274 1317 scripsitr

1033 1341 1115 1405 ΑΠ’.
1126 1342 1318 1426 Μακροσκιλὴς
1328 1339 1412 1424 piu...
1431 1335 1592 1428 nkilpo
1609 1342 1760 1426 μὴχλαίιηι

1690 1456 1728 1501 τις
1736 1426 1775 1506 ἦν,

1817 1277 1821 1360 l

1016 1526 1132 1574 vertens
1147 1536 1154 1572 a

1326 1617 1473 1662 nanctus.

1016 1682 1160 1756 Praetcnga
1174 1690 1249 1740 certe
1260 1695 1377 1740 cntra...

1317 1775 1487 1820 LYCURGUS.

1388 1843 1462 1898 Num
1481 1839 1589 1898 locusta
1605 1841 1684 1896 erat?

1018 1933 1087 1989 Haec
1098 1929 1299 2010 interpretatio
1308 1930 1459 1990 comoediae
1473 1929 1654 2005 conveniret,
1664 1947 1721 1987 non
1730 1939 1776 1985 tra·
1825 1923 1826 1929 ’

1038 2019 1128 2080 oediae.

1020 2041 1038 2100 Β
1058 2107 1101 2167 ad
1116 2109 1341 2188 descriptionem
1352 2130 1464 2184 eorum,
1479 2111 1529 2190 qui
1542 2109 1688 2170 Bacchum
1699 2105 1779 2166 comi·
1815 2116 1819 2245 Ι

1020 2196 1164 2273 tabantur,
1178 2197 1316 2258 credibile
1327 2211 1371 2258 est
1385 2219 1418 2258 ea
1430 2199 1621 2278 pertinuisse,
1638 2217 1703 2276 quae
1713 2194 1778 2274 apud
1818 2236 1826 2263 s

1020 2286 1197 2363 Hesychium
1215 2287 1351 2365 leguntur
1368 2309 1375 2346 a
1392 2285 1524 2366 Αἰγίζιιν,
1540 2287 1675 2346 διασπᾶν
1697 2283 1754 2364 παρ’
1770 2280 1780 2338 δ
1814 2312 1820 2406 p

1019 2371 1065 2434 καλ
1080 2374 1224 2444 αἰκίζεσθαι
1236 2373 1289 2434 ἀπὸ
1300 2375 1468 2456 καταιγίδων.
1484 2375 1625 2456 Αἰσχύλος.
1637 2373 1672 2434 Ὁ
1684 2373 1706 2432 δ’
1716 2369 1780 2437 citit
1825 2405 1826 2412 ι

1021 2465 1047 2524 ἐν
1065 2461 1191 2532 ’ἰΙδωνοῐς
1206 2463 1320 2546 (codex
1334 2463 1434 2545 ἡδονῇ)
1456 2463 1501 2525 καί
1520 2462 1566 2531 ri<
1587 2461 1706 2545 νευρίδας
1724 2458 1780 2521 σύτο
1825 2479 1826 2524 J

1020 2551 1100 2630 λέγει.
1115 2551 1221 2612 Eadem
1233 2553 1335 2613 Suidae
1344 2551 1441 2614 habet.
1453 2553 1524 2614 lnde
1533 2557 1716 2615 Hermanous
1724 2572 1777 2612 ret·

1021 2660 1070 2699 sus
1081 2640 1122 2700 ita
1130 2643 1297 2701 constituita

1129 2773 1171 2852 [a]
1187 2762 1340 2864 Νιςρωας
1356 2763 1383 2837 t·
1405 2759 1571 2852 ιἰδωιδας
1819 2779 1821 2864 i

1074 2871 1192 2971 tato·
1820 2893 1821 2918 ,

1024 3007 1128 3066 Proelio
1138 3006 1213 3065 enim
1224 3007 1378 3068 commisso
1389 3008 1513 3066 nuncius
1521 3007 1694 3078 Bassaridas,
1704 3003 1778 3063 Thra·

1023 3097 1081 3154 cias
1097 3095 1202 3154 Bacchi
1223 3097 1343 3156 comites
1355 3097 1545 3175 Thraciisque
1565 3095 1684 3156 indutas
1704 3092 1778 3150 resu-

1024 3182 1121 3258 hus,a
1139 3183 1265 3262 Lycurgi
1285 3183 1427 3244 militibus
1440 3184 1572 3244 restibus
1586 3185 1721 3264 spoliatas
1731 3199 1780 3238 esse
1825 3199 1826 3202 ¹

1023 3281 1129 3328 narrat.
1383 3325 1386 3332 .

1062 3363 1196 3418 Fortasse
1209 3359 1266 3418 huc
1281 3361 1382 3422 referri
1396 3375 1494 3441 potest
1506 3361 1584 3422 ahud
1599 3363 1777 3442 fragmentum

1023 3446 1102 3527 apud
1121 3444 1308 3510 Scholiastam
1327 3452 1478 3530 Apollonii
1492 3451 1599 3512 Rhodii
1615 3453 1643 3528 1,
1661 3451 1714 3522 473
1727 3469 1734 3504 :
1746 3442 1780 3524 [6]

1025 3535 1078 3598 ilat
1096 3535 1228 3617 Αἰσχύλος
1245 3537 1292 3607 ade
1307 3538 1415 3621 Βάκχας
1431 3539 1607 3621 σχαλιμαίδας
1617 3565 1631 3593 ι
1645 3541 1779 3620 (tiernu-

1025 3646 1079 3685 nus
1088 3623 1263 3706 χαλειμύδοις,
1277 3632 1433 3704 lacrimatas,
1448 3627 1582 3708 conjecit)
1596 3627 1658 3711 ἔφη.

1063 3717 1327 3794 Appropioquaute
1347 3719 1461 3778 Baccho
1483 3717 1519 3778 ad
1541 3718 1668 3796 Lycurgi
1687 3713 1776 3790 regiam

971 3819 979 3848 t
1026 3805 1123 3864 nescio
1141 3805 1221 3883 quis,
1239 3819 1271 3864 ut
1293 3807 1338 3866 dei
1353 3809 1512 3888 potentiam
1533 3805 1708 3875 declararet,
1724 3819 1778 3858 rer-

1026 3915 1089 3954 sum
1103 3895 1308 3972 pronunciasse
1322 3895 1445 3968 videtur,
1458 3917 1544 3976 quem
1558 3909 1694 3973 tanqum
1701 3908 1780 3951 exuu-

1026 3987 1106 4064 plum
1116 3985 1211 4046 nimiae
1224 3985 1350 4046 audaciae
1357 3990 1552 4066 LonginusDe
1561 3985 1680 4046 sublimi
1689 4001 1744 4059 cap.
1753 3977 1779 4035 15

1027 4085 1153 4135 sewavtt
1163 4096 1170 4131 ε

1067 4195 1110 4280 [7]
1126 4184 1278 4290 bubonem*
1292 4195 1332 4278 δὴ
1354 4195 1457 4298 δῶμα,
1473 4205 1617 4296 βακχεύει
1637 4202 1733 4293 στέγα.

1066 4375 1195 4431 alicunde
1204 4391 1236 4431 cx
1250 4375 1369 4431 obscuro
1379 4371 1528 4431 horribiles
1537 4376 1656 4438 scottus,

1065 4454 1246 4529 tympanique
1258 4453 1349 4526 imago
1362 4462 1506 4526 tamquam
1516 4449 1688 4509 subterranci

1067 4535 1183 4593 tonitnai
1194 4534 1283 4592 fertur
1292 4533 1423 4591 horrifice
1432 4547 1534 4590 sonans

1067 4718 1141 4773 Num
1158 4713 1230 4771 forte
1247 4711 1272 4770 is
1289 4713 1382 4786 (quatu
1399 4633 1503 4777 dhan)
1523 4707 1633 4765 maiolis
1644 4703 1697 4764 fuit
1708 4695 1779 4770 husi!
1825 4709 1826 4736 ἰ

1490 4788 1643 4847 inunctas
1655 4775 1778 4843 cultui

1402 4889 1431 4942 5.

1189 4979 1279 5037 Pelles
1289 4975 1471 5035 hinnulorum
1485 4971 1627 5033 Edonidas

1068 5059 1246 5120 cursitabant.

1069 5241 1173 5297 Furore
1189 5237 1338 5312 corripitur
1354 5157 1466 5305 doniis,
1480 5231 1654 5291 bacchantur
1663 5233 1736 5287 taen·
