3752 5792
775 431 989 492 rametam.
1495 454 1536 498 111

225 581 321 644 tatas
344 591 485 642 comm
497 560 720 668 scripturas.
731 559 917 639 viderem.
936 561 1074 669 Itaque
1089 587 1205 639 nenio
1226 561 1370 640 mirum
1385 581 1537 643 censeat

224 702 333 812 quod
368 702 490 781 multa
523 703 668 780 intacta
702 701 867 807 reliqui,
900 728 989 807 quoe
1020 699 1327 780 divinationibus
1358 703 1537 781 virorum

223 836 433 914 doctorum
454 851 628 913 correcta
645 811 780 912 essent
800 834 893 912 Haee
910 832 1142 939 plerumque
1161 833 1275 912 nimis
1293 833 1415 914 dubia
1431 832 1539 914 vide-

225 967 382 1045 bantur.
398 967 457 1044 Ita
472 962 582 1073 quod
599 965 751 1042 mireris
765 991 815 1042 ne
828 965 1045 1042 Hermanni
1065 963 1227 1072 quidem
1243 982 1383 1072 aperta
1404 983 1539 1073 opertu

224 1099 359 1194 ascivi,
384 1097 478 1204 quia
506 1123 588 1173 non
606 1096 688 1173 sine
712 1095 890 1200 periculo
908 1092 949 1172 id
976 1121 1038 1172 me
1061 1093 1461 1176 facturumvidebam.
1481 1097 1539 1176 Ita

223 1231 471 1307 Hermannus
488 1227 529 1306 in
550 1227 673 1306 Persis
692 1253 727 1303 v.
751 1253 849 1306 uoco
862 1287 884 1323 ,.

578 1393 696 1475 'limpor
710 1363 803 1477 itaqov
813 1415 819 1430 ·
831 1396 879 1454 odit
889 1392 955 1476 ἀμφὶ
967 1402 1082 1466 σκηναῖς·

580 1497 903 1582 τροχηλάτοισιν,,ὅπισθιν
917 1499 1051 1578 ἑπόμενοι,

224 1649 345 1726 latine
362 1649 485 1726 vertit
507 1677 517 1724 ι
538 1648 679 1741 miror,
711 1648 874 1741 miror,··
889 1663 1074 1724 nonsart
1088 1649 1194 1726 circa
1217 1648 1423 1727 tentorium
1433 1677 1542 1756 pone

222 1797 436 1887 sequentes.
453 1781 603 1858 Verum
622 1781 770 1860 Xerxes
787 1779 903 1858 solus.
918 1778 1027 1859 adest
1049 1807 1179 1887 neque
1214 1782 1398 1862 convenit
1419 1782 1543 1860 choro

224 1908 326 1987 illud
345 1910 493 2004 miror,
534 1911 665 1987 miror.

281 2042 331 2121 In
366 2041 691 2146 interpretatione
722 2039 843 2120 latina
872 2038 922 2117 id'
936 2039 1180 2148 potissimum
1207 2059 1358 2121 secutus
1384 2071 1470 2121 sum
1500 2061 1546 2122 ut

224 2171 402 2276 AEschyli
423 2169 544 2249 verba
566 2170 790 2248 brevissime
813 2187 854 2247 et
871 2171 1154 2251 accuratissime
1174 2171 1294 2250 latine
1313 2169 1545 2269 redderem,

224 2321 385 2410 poetam
401 2318 507 2379 ratus
524 2301 707 2378 facillime
723 2300 915 2406 intelligi,
943 2301 974 2378 si
993 2300 1129 2378 eadem
1147 2303 1335 2382 orationis
1355 2302 1547 2382 brevitate

157 2443 163 2460 '
225 2433 364 2512 eadem
385 2461 493 2512 sensa
520 2432 794 2509 excitarentur.
820 2433 961 2538 Neque
982 2430 1124 2510 dubito
1151 2433 1251 2540 quin
1276 2410 1547 2540 AEscltylus'eo

225 2568 365 2646 melius
391 2566 636 2674 exprimatur
660 2591 742 2670 quo
766 2565 887 2668 magis
913 2563 1044 2641 verbis
1074 2565 1166 2670 ipsis
1196 2566 1390 2644 institeris.
1415 2565 1474 2644 Ita
1494 2565 1548 2642 fa.-

224 2699 370 2777 cillime
390 2698 469 2773 vim
492 2712 620 2802 poetae
647 2712 839 2772 assecutus
860 2695 912 2773 sis
934 2695 1220 2801 retinuerisque
1248 2676 1450 2776 brevitatis
1478 2695 1547 2776 de-

226 2861 296 2910 cus
318 2829 428 2938 quod
449 2857 533 2908 non
549 2829 652 2906 inter
671 2828 831 2906 minima
850 2826 1101 2905 referendum
1115 2827 1176 2905 sit.
1197 2828 1369 2907 Brevitas
1386 2828 1549 2938 quidem

224 2964 507 3042 obscuritatem
523 2968 627 3067 parit
655 2989 663 3037 :
693 2987 830 3036 verum
857 2957 1049 3057 diminui,
1076 2978 1120 3038 ut
1142 2977 1268 3066 puto,
1299 2961 1376 3040 hoc
1402 2963 1550 3041 incom-

226 3095 391 3175 modum
424 3093 567 3173 additis
598 3092 785 3172 brevibus
827 3093 1420 3199 interpretationibus.‚Deinde
1453 3123 1550 3173 vero

225 3228 436 3332 AEsehylus
465 3255 548 3305 non
577 3228 607 3304 is
629 3244 685 3304 est
707 3227 777 3333 qui
805 3255 826 3303 a
857 3227 1106 3305 somnolento
1147 3246 1187 3306 et
1219 3229 1406 3307 oscitante
1428 3228 1550 3308 lecto·

227 3389 268 3437 re
283 3358 452 3464 intelligi
466 3359 599 3468 possit.
614 3357 757 3458 Quare·
767 3359 836 3464 qui
850 3357 956 3436 volet
969 3351 1206 3464 'cognoscere
1217 3358 1445 3464 AEschylum
1463 3387 1546 3437 non

227 3491 440 3570 deterritus
463 3487 662 3594 cogitandi
683 3489 821 3567 labore
851 3519 859 3566 :
893 3491 928 3568 ei
953 3490 1036 3568 haec
1058 3491 1333 3596 interpretatio
1359 3493 1449 3570 satis
1476 3492 1552 3570 crit

226 3622 349 3701 facilis
375 3639 415 3698 et
438 3621 656 3726 perspicua.
678 3619 725 3698 In
746 3621 906 3728 reliquis
934 3622 1023 3698 satis
1045 3620 1203 3699 habebo
1229 3623 1261 3699 si
1281 3649 1366 3699 mea
1388 3648 1551 3729 quoque

228 3781 352 3860 opera
373 3751 524 3859 aliquid
553 3780 600 3830 eo
625 3753 859 3830 contulerim
894 3771 939 3831 ut
962 3752 1206 3860 frequentius
1232 3771 1351 3858 poeta
1379 3751 1550 3856 legatur,

229 3913 310 3994 quo
326 3883 597 3964 sublimiorem
623 3883 808 3992 lectuque
830 3884 1051 3990 digniorem
1087 3885 1298 3990 antiquitas
1335 3883 1456 3963 ltabet
1486 3913 1554 3963 ne-

231 4018 388 4097 minem.

282 4148 360 4227 Sed
377 4148 457 4254 jam
475 4175 629 4226 necesse
655 4165 712 4226 est
738 4145 787 4225 ad
815 4147 881 4225 illa
906 4143 1143 4256 redire'quae
1170 4167 1238 4229 aut
1251 4150 1459 4250 innovavi,
1485 4167 1555 4228 aut

232 4279 376 4360 intacta
407 4279 562 4386 reliqui.
591 4278 690 4378 Quae
721 4279 816 4357 dum
843 4309 1022 4387 expono,
1045 4309 1176 4360 meum
1199 4309 1281 4360 non
1307 4310 1388 4360 esse
1414 4309 1553 4360 censeo

232 4428 277 4489 ut
288 4411 384 4489 alios
404 4409 649 4516 redarguam.
667 4413 766 4490 Satis
781 4410 938 4492 habebo
954 4443 1030 4520 pro
1046 4415 1225 4494 instituto
1244 4441 1334 4491 meo
1352 4412 1554 4495 brevitatis

236 4541 301 4622 illa
318 4571 641 4624 commemorasse
656 4562 695 4622 et
717 4543 787 4622 ubi
801 4543 876 4622 suit
894 4547 1158 4624 necessarium.
1172 4545 1401 4626 defendisse.

742 4882 1047 4920 “mu-—
