3650 5798
584 409 794 472 SOPHOCLIS
814 409 1065 474 FRAGMENTA.
1558 432 1612 485 271

21 559 174 609 coontem
192 542 395 604 referentibus.
409 541 454 602 llli
470 540 570 601 urbem
595 542 696 601 volunt
715 541 802 600 relin-
858 542 964 602 reseras
984 543 1066 624 [137]
1080 569 1093 598 ι
1106 545 1314 628 Καταῤῥάκτης,
1329 573 1342 600 ι
1359 547 1459 628 ὄχετδς,
1481 548 1552 632 pici·
1574 553 1615 611 >tol

21 657 136 718 quere,
148 636 180 694 hi
191 645 351 694 remanent.
363 633 407 692 lto
415 631 554 692 Anchises
564 629 686 689 discedit
697 650 802 710 gnarus
857 634 871 690 ό
894 629 975 698 ἀετός.
991 632 1025 696 Σ.
1047 631 1211 709 Λαοκόωντι,
1228 636 1354 712 Hesyeh.
1380 637 1504 696 Videtur
1524 641 1618 718 aquila

23 725 237 794 oraculorum,
265 741 326 800 qua
347 725 498 780 evenere
519 719 644 797 accepit,
667 733 753 797 atque
773 718 802 776 iu
857 721 885 778 in
902 721 989 779 sacris
1004 735 1157 800 conspecta
1171 741 1241 782 csse.
1253 729 1319 783 Non
1338 722 1529 785 dubitandum
1550 729 1618 806 quin

22 815 113 874 Idam
136 833 170 872 sc
183 811 295 870 confert
306 809 348 867 ibi
358 819 586 887 exspectaturos,
593 807 664 885 quid
682 819 803 866 eventu-
857 808 960 868 delicta
978 810 1148 869 Laocoontis
1159 810 1215 870 hoc
1228 812 1294 872 loco
1310 827 1469 875 memorata
1481 816 1545 874 siut.
1556 816 1619 879 Fini

23 923 95 960 rum
115 902 167 960 sit.
182 905 245 960 Hoc
258 899 348 978 igitur
360 897 473 956 initium
492 895 660 955 calamitatis
674 895 729 954 fuit
747 915 803 973 quta
857 898 1001 976 tragoediae
1023 898 1245 959 adscribendum
1267 914 1323 974 est,
1354 902 1434 981 quod
1464 904 1620 981 Dionysius

22 989 121 1067 Troja
129 1002 193 1048 erat
204 988 435 1067 peritura,quam
445 983 533 1041 ceteri
541 983 735 1042 insecuturam
742 1001 800 1040 non
856 988 1115 1048 Halicarnassensis
1126 991 1252 1050 servavit
1264 997 1307 1050 Λα
1313 991 1364 1070 tiq.
1378 997 1402 1067 1,
1416 993 1452 1062 48
1463 1015 1471 1051 :
1482 995 1618 1076 Σοροκλῆι

23 1079 188 1148 videbant,
205 1076 284 1154 quod
297 1077 358 1134 sine
372 1072 533 1133 reverentia
547 1071 669 1131 deorum
680 1069 711 1129 in
725 1069 801 1129 diem

24 1166 175 1225 vivebant
190 1164 320 1241 nihilque
334 1160 459 1241 permoti
473 1171 556 1218 erant
568 1158 630 1218 istis
641 1157 789 1237 prodigiis.

67 1248 803 1332 Fragmentommnumerusperexiguusest;neque

26 1363 96 1420 ‹111oe
112 1360 249 1421 personae
263 1339 372 1400 ίιιοιίιιῑ
389 1357 426 1396 εκ
446 1337 482 1396 iis
501 1335 622 1413 intelligi
637 1347 741 1414 potest.
759 1333 803 1392 Ad

27 1433 177 1502 laetitiam,
194 1449 259 1507 quae
272 1428 429 1487 discessum
449 1429 617 1484 Graecorum
630 1422 802 1501 insequeba-

29 1533 89 1594 tur,
106 1519 235 1577 referam
248 1535 363 1576 versum
375 1513 453 1591 apud
465 1511 612 1572 Stobaeum
623 1514 738 1584 XXIX,
750 1511 802 1584 37:

28 1648 800 1754 [134]Μόχθουγδιροὐδεὶςτοῦπαρελθόντοςλόγος.

31 1803 151 1864 Deinde
163 1823 245 1862 saera
257 1803 330 1860 liunt
340 1821 394 1880 per
406 1813 496 1860 totam
510 1800 613 1860 urbem
627 1813 692 1859 ante
702 1820 803 1861 omnes

30 1894 149 1953 domos.
176 1892 253 1952 Illud
276 1890 433 1951 indicatum
457 1904 501 1950 est
535 1890 694 1968 fragmento
725 1892 802 1970 apud

31 1987 306 2060 Harpocrauonem,
321 1980 413 2041 schol.
427 1979 463 2039 ad
476 1979 624 2056 Aristoph.
636 1985 722 2056 Vesp.
735 1980 802 2054 870,

32 2083 189 2148 gratiamur.
201 2071 288 2128 Bekk.
301 2089 331 2147 p.
349 2067 445 2142 332,5
460 2080 488 2127 et
507 2067 627 2128 Suidam
641 2087 666 2124 v.
682 2065 801 2145 ’Λγυιαίι

31 2156 152 2234 ’Λγυιεὺς
170 2157 199 2217 δέ
212 2159 269 2216 ἐστι
282 2155 346 2215 κίων
364 2157 400 2224 εἷς
419 2151 462 2226 tto
483 2153 587 2233 λήγων,
600 2152 629 2213 όν
643 2156 733 2214 ίστδσι
751 2155 803 2236 πρὸ

31 2248 84 2302 τῶν
97 2247 217 2326 θυρῶν...
231 2235 281 2304 εἷεν
297 2242 329 2304 διν
346 2244 392 2304 καλ
414 2241 486 2326 παρὰ
506 2250 559 2308 τοῖς
581 2240 708 2308 Ἀττικοῖς
723 2243 802 2322 λεγό·

32 2355 109 2408 μενοι
131 2335 232 2412 ἀγυιαῖς
255 2335 279 2398 oi
298 2331 350 2413 πρδ
368 2333 420 2391 τῶν
444 2333 532 2392 οἰκιῶν
556 2329 658 2410 βωμοί,
681 2327 716 2397 ὥς
739 2354 803 2413 ρησι

33 2423 167 2502 Κρατῖνος
181 2419 227 2479 καί
245 2419 408 2499 Μένανδρος,
423 2418 468 2478 καλ
482 2419 620 2501 Σοφοκλῆς
638 2418 664 2477 ίν
678 2420 717 2500 τῷ
732 2422 803 2477 Λαο-

31 2505 130 2568 κόωντι
146 2508 270 2589 μετάγων
284 2507 318 2567 τά
335 2507 477 2580 Ἀθηναίων
492 2505 537 2580 ἔθη
554 2508 589 2575 εἰς
608 2505 706 2589 Τροίαν
724 2505 802 2586 puel,

33 2634 118 2719 [135]
131 2634 257 2728 Λάμπιι
275 2625 305 2700 δ’
323 2632 439 2728 οἱγυιεὺς
459 2632 562 2722 βωμὸς
579 2626 714 2725 ἀτμίζων
732 2630 803 2725 πυρὶ

117 2742 639 2843 σμύρνηςσταλαγμοὺς,βαρόάρους
649 2746 800 2841 εὐοσμίας.

35 2875 131 2954 (Λρυιί
157 2876 417 2956 Harpocratiouem
441 2873 579 2958 βαρόάρων
601 2873 702 2953 εὔοσμ.)
725 2880 803 2935 Ver-

35 2983 83 3021 sus
98 2964 154 3023 hos
168 2965 337 3024 Welclerus
354 2964 479 3044 prologo
497 2963 628 3022 attribuit
648 2963 803 3023 aPriamo·

35 3070 92 3128 que
105 3065 158 3110 aut
169 3053 293 3111 Anchise
308 3053 518 3132 pronunciatos
533 3072 594 3112 esse
611 3063 716 3111 censet.
730 3057 802 3110 Pos-

35 3154 102 3199 sunt
123 3141 212 3199 etiam
227 3141 418 3202 Laomedonti
441 3140 577 3214 adscribi,
599 3152 752 3217 antequam
767 3139 802 3198 ad

36 3245 117 3286 sacra
131 3228 262 3288 facienda
275 3229 407 3289 abiturus
422 3241 475 3302 est,
488 3240 521 3286 ut
530 3227 700 3288 'festivitatis
711 3227 804 3306 splen·

35 3312 136 3375 dorem
150 3316 187 3375 ad
201 3337 313 3377 sumana
328 3337 451 3397 quaeque
471 3317 576 3376 elatum
592 3315 735 3376 ostendat.
751 3320 802 3376 Se·

35 3403 135 3478 quitur
156 3403 267 3464 interea
289 3407 372 3464 chori
393 3425 508 3464 carmen
531 3404 660 3464 sedatum
681 3402 803 3483 adapta-

37 3500 156 3570 tumque
173 3493 305 3552 sacrificii
327 3493 511 3554 solemnitati.
527 3495 571 3552 Ex
592 3513 626 3552 eo
648 3491 681 3550 hi
703 3513 803 3552 versus

37 3593 102 3637 sunt
113 3584 220 3643 servati
239 3584 317 3662 apud
330 3584 420 3643 schol.
435 3581 472 3642 ad
484 3583 631 3662 Aristoph.
644 3587 716 3642 nan.
730 3583 803 3642 665:

39 3667 116 3750 Παρδι
130 3674 165 3731 τδι
178 3674 209 3732 Σ.
223 3673 253 3733 ἔκ
267 3669 452 3740 Λαοκόωντος·

37 3807 117 3890 [136]
252 3800 402 3875 Πόσειδον
419 3805 449 3888 ὃς
466 3805 607 3902 Αἰγαίους
620 3807 697 3897 ἔχεις

38 3920 186 4010 πρῶναςῆ
204 3928 339 4017 γλαυκᾶς
356 3913 455 4016 μέδεις
473 3925 616 4016 εὐανίμου
630 3918 742 4013 λίμνας
761 3923 804 4012 ἐρ’

261 4033 391 4125 ὑψηλαῖς
409 4037 572 4131 στομάτων
622 4032 791 4097 σπιλάδεσσι.

38 4161 80 4216 lta
95 4161 223 4221 correxit
239 4163 377 4242 Bergltius
401 4163 533 4222 codicum
556 4162 731 4243 scripturam
743 4181 751 4218 ι
764 4161 802 4220 Π.

39 4242 185 4328 &diptico
198 4249 286 4328 μέδεις
299 4249 434 4332 πρῶναςῆ
447 4253 563 4329 γλαυκᾶς
577 4249 663 4328 μέδεις
676 4247 803 4320 εόανίμου

39 4334 131 4412 λίμνας
148 4340 189 4422 ἐφ’
206 4343 318 4422 ὑψηλαῖς
331 4341 490 4402 σπιλάδεσσι
508 4349 657 4401 στομάτων.

75 4429 188 4489 Deinde
205 4430 338 4489 interitus
353 4432 529 4490 Laocoontis
550 4431 713 4489 nunciatur.
738 4431 803 4486 Huc

51 4536 165 4555 *-

41 4661 152 4724 Laboris
166 4668 240 4724 enim
254 4666 331 4724 nulla
345 4602 474 4740 predtaeiiti
489 4666 601 4726 mentio.

41 4811 137 4888 Fulget
149 4814 231 4872 viaria
245 4831 291 4872 ara
302 4751 503 4890 redotehi⁵ignt
584 4799 585 4802 Ἴ

41 4893 155 4962 myrrhae
166 4895 270 4967 guttis,
283 4894 401 4952 barbaro
415 4894 606 4953 odoramento.

280 4981 402 5118 Neptuni
407 4981 480 5119 ῗθηυί
493 5043 578 5118 AEgeel
592 5042 676 5101 maris
688 5049 765 5100 tenes

43 5121 800 5197 Promontoria,siveceeruloomoderarisventlsagitato

372 5201 453 5274 [freto
466 5204 499 5262 ad
514 5203 568 5261 alta
578 5203 714 5263 ostiorum
726 5216 798 5260 aare

857 1073 905 1152 μὲν
919 1079 933 1135 ό
948 1075 1143 1158 τραγῳδοποιὸς
1157 1079 1184 1137 iu
1198 1077 1351 1139 Λαοκόωντι
1371 1080 1485 1164 δράματι
1506 1079 1618 1162 μελλοό-

857 1187 905 1237 σης
927 1163 1081 1224 ἆλίσνιεσθοιι
1102 1169 1151 1238 τῆς
1172 1165 1273 1236 πόλεως
1294 1168 1423 1241 πεποίηκε
1445 1167 1489 1229 τὸν
1513 1169 1618 1229 Λίνείαν

857 1252 1096 1330 ἀνασκευαζόμενον
1114 1256 1149 1324 εἰς
1162 1254 1210 1328 τὴν
1225 1254 1308 1331 Ἴδην,
1321 1256 1492 1317 κελευσθέντα
1507 1257 1557 1317 ὑπὸ
1573 1261 1619 1317 τοῦ

855 1338 953 1422 πατρδς
968 1338 1090 1420 Ἀγχίσου
1104 1341 1173 1402 κατὰ
1189 1341 1236 1416 τλν
1253 1343 1361 1423 μνήμην
1374 1334 1410 1402 ὧν
1422 1343 1559 1428 Ἀφροδίτη
1574 1369 1618 1405 κα-

855 1424 971 1511 τέσκηψε
993 1428 1039 1488 καὶ
1061 1429 1113 1490 άπδ
1128 1433 1181 1489 τῶν
1196 1431 1290 1491 νεωστὶ
1308 1431 1454 1512 γενομένων
1477 1433 1537 1516 περί
1561 1433 1620 1500 τοὺς

857 1515 1057 1586 Λαοκοωντίδας
1076 1518 1193 1595 σημείων
1217 1517 1262 1578 τὸν
1293 1519 1424 1597 μέλλοντα
1447 1520 1550 1605 ὄλεθρον
1573 1525 1620 1592 τῆς

856 1602 956 1672 πολεως
968 1607 1224 1688 συντεκμηράμενον.
1239 1603 1277 1668 'E
1298 1631 1320 1666 ει
1334 1607 1362 1668 δὲ
1378 1611 1449 1690 αὐτῷ
1464 1607 1496 1668 cla
1511 1607 1619 1687 ίαμόεῖα

856 1694 883 1751 ἐν
897 1692 969 1775 άλλιρ
981 1693 1116 1776 προσώπῳ
1128 1694 1259 1776 λεγόμενα
1271 1631 1338 1756 dte·

857 1828 939 1908 itte]
954 1831 1030 1896 Νῦν
1045 1821 1074 1896 δ’
1090 1833 1119 1898 ἐν
1136 1832 1275 1898 πύλαισιν
1288 1829 1423 1911 Αίνόαςό
1440 1841 1496 1911 τῆς
1513 1831 1580 1899 θεοῦ

937 1940 1061 2034 πάρεστ’
1078 1947 1123 2010 ἐπ’
1135 1946 1224 2036 ὤμων
1242 1946 1348 2039 πατέρ’
1361 1947 1437 2038 ἔχων
1452 1944 1606 2040 κεραυνίου

936 2057 1034 2122 νώτου
1051 2051 1280 2138 καταστάζοντα
1295 2060 1434 2145 βύσσινον
1452 2059 1556 2155 ράρος.

936 2171 1054 2238 Κυκλεῖ
1066 2163 1102 2239 δὲ
1118 2177 1218 2240 πᾶσαν
1236 2171 1358 2241 οἰκετῶν
1377 2172 1593 2266 παμπληθίαν·

936 2279 1147 2377 συμπλάζεται
1162 2277 1196 2354 δὲ
1212 2287 1327 2366 πλῆθος
1342 2291 1401 2379 οὐχ
1416 2289 1485 2356 ὅσον
1504 2279 1622 2376 δοκεῖς,

936 2395 964 2467 oi
979 2391 1069 2475 τῆσδ’
1085 2405 1173 2497 ἐρῶσι
1191 2412 1246 2480 τῆς
1263 2401 1403 2482 ἀποικίας
1420 2403 1558 2498 Φρυγῶν.

855 2525 1133 2684 Αγιυιέἕίυιαταίιυιιι
1148 2531 1220 2587 Mor.
1234 2548 1263 2606 p.
1281 2548 1345 2602 roo,
1359 2534 1396 2603 Ι),
1410 2547 1439 2586 ν.
1453 2537 1468 2596 4
1486 2529 1567 2606 μοτοῦ
1578 2548 1612 2584 κα

854 2637 921 2674 ταστ
956 2659 964 2676 .

1175 2710 1264 2728 ἡ

1172 2788 1300 2850 SINON.

895 2919 987 2980 Sinon
1000 2912 1102 2978 mimi
1114 2917 1187 2976 filius
1199 2917 1267 2991 suit;
1285 2915 1411 2975 AEsimus
1428 2916 1517 2974 irater
1533 2916 1621 2976 Anti»

856 3009 921 3068 cleoe
937 3007 1035 3066 matris
1055 3005 1150 3066 Ulixis
1173 3005 1251 3083 apud
1269 3010 1429 3063 Homerum
1448 3004 1567 3082 (odyss.
1584 3005 1621 3083 Λ,

857 3097 907 3176 85)
937 3109 987 3156 aut
1015 3095 1131 3173 Sisyphi
1157 3093 1235 3173 apud
1259 3094 1432 3172 Sophoclem
1455 3092 1559 3174 (schol.
1584 3092 1621 3152 ad

857 3183 937 3262 Ajac.
958 3181 1034 3263 ¹90l·
1049 3183 1169 3243 Procius
1186 3201 1222 3240 ex
1236 3182 1356 3242 Arctino
1370 3205 1376 3240 ι
1391 3181 1445 3241 Καὶ
1462 3179 1547 3240 Σίνων
1561 3178 1622 3250 τοὺς

856 3269 970 3354 πιιρσοθς
983 3270 1087 3352 ἀνίοχει
1102 3277 1156 3337 τοῖς
1170 3271 1296 3350 Ἀχαιοῖς,
1311 3267 1436 3352 πρότερον
1449 3266 1621 3342 είσεληλυθὼς

855 3355 1045 3442 προσποιητός·
1061 3360 1085 3417 ol
1098 3357 1126 3416 di
1138 3359 1168 3416 ἐκ
1178 3357 1293 3418 Τενέδου
1302 3354 1529 3439 προσπλεόσαντες
1541 3355 1586 3415 καὶ
1598 3357 1621 3415 ol

857 3451 886 3508 lx
908 3453 955 3508 τοῦ
978 3445 1092 3528 δουρείου
1113 3445 1196 3504 ἵππου
1219 3443 1392 3504 ἐπιπίπτουσι
1410 3452 1463 3510 τοῖς
1486 3442 1621 3521 πολεμίοις

857 3537 902 3596 καί
915 3533 1028 3601 πολλοὺς
1041 3533 1174 3600 ἀνελόντες
1192 3531 1240 3606 rip
1254 3531 1330 3591 πόλιν
1352 3529 1421 3591 κατά
1443 3531 1537 3614 κράτος
1551 3532 1621 3609 λαμ·

858 3623 976 3684 όοίνουσι.
990 3622 1096 3702 Hygin.
1114 3622 1168 3680 108
1182 3644 1190 3680 ι
1205 3647 1218 3674 ιι
1230 3620 1332 3680 Achivi
1349 3639 1439 3699 quum
1454 3617 1553 3678 decem
1568 3639 1620 3696 per

856 3733 948 3772 annos
963 3710 1079 3787 Trojam
1094 3729 1198 3788 cupere
1216 3729 1276 3768 non
1297 3721 1425 3786 possent,
1439 3712 1537 3786 Epeos
1558 3726 1616 3765 mo

857 3803 920 3861 nitu
948 3801 1088 3860 Minervae
1110 3818 1217 3878 equum
1246 3797 1327 3857 mirae
1351 3796 1558 3876 magnitudinis
1583 3795 1621 3852 li-

855 3909 960 3968 gneum
986 3888 1066 3962 lecit,
1094 3906 1187 3965 coque
1214 3897 1282 3945 sunt
1309 3885 1424 3944 collecti
1453 3883 1621 3956 Menelaus,

858 3979 965 4051 Ulixes,
978 3976 1143 4048 Diomedes,
1159 3973 1352 4042 Thersander,
1366 3972 1526 4046 Sthenelus,
1542 3977 1621 4030 Aca-

856 4087 926 4137 mas,
941 4066 1048 4140 Thoas,
1061 4065 1220 4138 Machaon,
1241 4062 1458 4142 Neoptolemus.
1472 4067 1556 4139 Equo
1575 4061 1621 4119 in-

856 4155 1035 4234 scripserunt
1053 4152 1145 4213 Danai
1160 4173 1191 4212 se
1204 4153 1346 4212 Minervae
1362 4152 1440 4211 dono
1458 4150 1527 4210 dare
1544 4172 1551 4206 ι
1575 4169 1622 4208 ca·

856 4257 973 4321 straque
1003 4252 1159 4300 moverunt
1188 4242 1218 4301 in
1244 4239 1393 4302 Tenedum
1427 4237 1560 4299 insulam.
1587 4236 1621 4296 td

856 4335 975 4413 Trojani
996 4351 1087 4411 quum
1108 4332 1261 4403 vidissent,
1279 4331 1412 4392 arbitrati
1436 4341 1503 4390 sunt
1523 4329 1621 4387 hostes

857 4423 958 4483 abisse.
980 4423 1111 4480 Priamus
1128 4441 1235 4500 equum
1249 4421 1280 4480 in
1294 4440 1390 4480 arcem
1406 4419 1541 4480 Minervae
1554 4415 1621 4474 duci

1206 4635 1267 4686 tte.

889 4739 971 4794 Nunc
981 4736 1009 4791 ln
1021 4743 1101 4809 porta
1114 4741 1156 4790 est
1166 4735 1286 4794 AEneas.
1299 4727 1358 4786 deae
1371 4729 1462 4798 filius,

890 4815 1011 4872 humeris
1023 4821 1132 4886 gestans
1145 4819 1253 4885 patrem
1266 4807 1411 4866 fulminata

888 4903 964 4968 terga
976 4895 1108 4951 amictum
1120 4891 1230 4966 byssina
1243 4896 1329 4946 veste.

890 4973 979 5046 Stipat
989 4973 1063 5029 hunc
1073 4979 1131 5028 tota
1142 4970 1222 5030 turha
1235 4967 1423 5036 feminarium,

889 5053 1012 5126 sequitu
1022 5049 1173 5109 multitudo
1183 5065 1239 5107 non
1254 5053 1357 5120 quanta
1370 5046 1419 5106 tibi
1433 5043 1580 5118 videatur,

889 5132 936 5206 qm
949 5131 1014 5189 huic
1026 5129 1164 5208 Phrygum
1179 5128 1295 5188 colonie
1308 5126 1410 5185 favent
