3742 5784
595 435 803 498 sonuoctts
826 433 1076 498 FRAGMENTA.

145 579 192 649 ιέι
206 583 307 678 πρῶτ’
321 583 438 676 ἔχουσιν
455 575 565 660 ἡδονὰς
577 580 763 664 ποταινίους,

147 699 240 776 τέλος
253 690 280 764 δ’
297 703 312 764 θ
329 699 424 790 χυμὸς
441 699 501 765 οὔθ’
520 701 600 776 ὅπως
618 699 679 791 ἀφῇ
696 698 772 764 θελοι

145 815 221 880 οὔτ’
231 815 261 878 έν
273 820 371 904 χεροῖν
381 815 416 880 τὸ
428 823 533 904 κτῆμα
543 815 694 905 σύμφορον
705 813 812 904 μένειν.

147 931 249 996 Οὕτω
261 953 295 1022 γε
308 928 378 1006 τοὺς
395 931 525 1021 ἐρῶντας
541 929 630 1006 αὑτὸς
646 929 746 1020 ἵμερος

149 1033 232 1134 δρᾶν
246 1043 297 1109 καὶ
311 1043 347 1110 τὸ
361 1045 402 1136 μὴ
417 1035 491 1137 δρᾶν
504 1043 651 1120 πολλάκις
665 1040 815 1136 προίεται.

39 1167 113 1225 Plut.
124 1167 237 1225 Moral.
253 1187 282 1245 p.
295 1167 362 1239 508,
380 1166 534 1248 (ἶιὮσπερ
550 1170 574 1226 οἱ
586 1168 677 1235 παῖδες
690 1167 735 1226 τὸν
753 1164 817 1246 κρθ-

41 1255 156 1313 οταλλον
175 1253 240 1313 οὔτε
254 1253 375 1335 κατέχειν
391 1253 450 1314 οὗτε
471 1257 574 1336 ἀφεῖναι
590 1254 703 1315 θέλουσι.
721 1257 816 1315 Zeno-

41 1343 108 1402 bius
133 1347 225 1402 Cent.
240 1349 278 1420 V,
301 1343 364 1402 58:
384 1371 395 1396 ι
412 1342 446 1402 ‘0
467 1353 530 1411 παῖς
550 1343 594 1404 τθν
620 1343 817 1424 κρύσταλλονυ

42 1429 107 1492 Ἐπί
126 1435 185 1490 τῶν
213 1431 282 1511 μήτε
300 1431 422 1512 κατέχειν
441 1430 591 1511 δυναμένων
615 1435 681 1512 μήτε
702 1437 819 1511 μεθεῖναι

45 1521 256 1600 βουλομένωνή
278 1520 410 1604 παροιμία
435 1521 546 1602 εἴρηται.
577 1521 720 1602 Μέμνηται
739 1525 819 1596 αὐτῆς

45 1611 190 1692 Σοφοκλῆς
209 1608 350 1690 Ἀχιλλέως
367 1611 499 1693 ἐρασταῖς.
519 1616 621 1689 Neque
636 1612 673 1671 ab
686 1611 731 1671 his
748 1613 819 1671 alie-

45 1719 113 1757 num
134 1720 202 1758 esse
223 1701 415 1780 fragmentum
430 1721 534 1760 censeo
548 1714 713 1762 truncatum
726 1714 755 1761 et
767 1703 817 1760 im-

46 1789 217 1866 perfectum
236 1788 315 1868 apud
342 1791 431 1848 schol.
456 1791 547 1869 Soph.
566 1791 604 1849 ad
627 1791 735 1871 OEdip.
758 1791 819 1850 Col.

48 1878 126 1947 481:
143 1874 266 1944 Ὕδατος
290 1877 427 1956 μελίσσης]
445 1877 538 1946 θδατος
556 1875 602 1938 καὶ
625 1877 743 1957 μελιτος·
767 1876 819 1938 ιἰπδ

46 1963 97 2046 γὰρ
110 1969 160 2026 τοῦ
171 1971 309 2032 ποιοῦντος
321 1965 352 2026 τθ
368 1965 530 2046 ποιούμενον·
544 1967 589 2026 καὶ
602 1971 628 2027 έν
640 1967 782 2050 Ἐρασταῖς

48 2097 130 2176 [ott]
148 2096 296 2173 Ιλώσσης
313 2093 454 2185 μελίσσης
466 2105 511 2182 τῷ
528 2096 743 2188 κατερρυηκότι
747 2146 806 2166 .....

50 2227 100 2282 Est
123 2224 204 2282 enim
227 2224 300 2282 illud
323 2240 494 2283 amatorum.
519 2231 668 2284 Postremo
697 2226 822 2286 Achilles

51 2313 236 2372 amatoribus
250 2311 439 2386 subtrahitur,
458 2315 508 2392 qui
528 2313 709 2392 deridentur,
728 2327 760 2373 ut
780 2329 822 2373 est

53 2401 130 2476 apud
155 2403 248 2461 schol.
266 2401 302 2460 ad
320 2403 468 2481 Aristoph.
484 2409 574 2482 Vesp.
596 2425 668 2476 1⁰7¹
686 2403 823 2465 εΠαιδικέ

54 2488 95 2546 hri
116 2489 237 2570 ἀρρένων
256 2493 301 2552 καὶ
324 2494 351 2550 έν
365 2500 420 2558 τοῖς
434 2489 575 2571 Ἀχιλλέως
586 2493 709 2573 ἐρασταῖς
721 2490 824 2565 έξείλη-

53 2599 125 2637 πται.
138 2577 307 2640 Ἐπιδόντων
319 2579 370 2662 γάρ
383 2604 410 2638 τι
424 2583 476 2638 τῶν
488 2579 607 2662 σατύρων
620 2582 655 2646 είς
669 2578 716 2652 τὴν
730 2603 822 2660 γυναι-

55 2664 125 2724 κείαν
138 2667 282 2747 ἐπιθυμίαν
292 2667 370 2748 φησίν
385 2670 399 2725 θ
410 2665 517 2740 Φοῖνιξ,

56 2794 140 2880 [utel
157 2799 274 2863 Παπαῖ
286 2791 329 2861 τὰ
344 2785 477 2886 παιδίχ’,
494 2799 533 2872 ὡς
551 2798 632 2886 ὁρᾷς,
650 2791 821 2872 ἀπώλεσας.

57 2921 179 2999 (Eadem
198 2943 248 3001 ep.
260 2923 347 2982 Phot.
360 2943 389 3001 p.
410 2923 480 2999 369,
500 2942 545 2996 ιο,
559 2921 638 2982 Suid.
653 2941 679 2980 ν.
696 2921 823 2995 Παιδικεί,

60 3031 179 3088 gramm.
201 3013 322 3073 Coislin.
337 3034 384 3092 ap.
399 3014 574 3073 Bachmann.
596 3011 704 3072 Anecd.
721 3012 778 3070 vol.
794 3013 823 3082 l,

59 3111 86 3168 p.
100 3097 168 3164 324,
182 3113 220 3152 ex
233 3114 292 3171 quo
306 3093 469 3153 Monteialc.
481 3114 510 3172 p.
526 3102 581 3166 474
597 3091 689 3150 edidit
700 3093 734 3158 ὡς
747 3091 824 3171 θρῶσ’

58 3177 215 3261 ἀπώλεσας,
230 3182 348 3241 Bachm.
367 3184 402 3249 ῶς
416 3184 468 3264 ὁρῶ
487 3183 512 3240 α’
530 3179 692 3258 ἀπώλεσαν.)
713 3178 824 3238 Deinde

59 3268 196 3329 videntur
210 3270 341 3350 quadam
356 3270 392 3329 de
405 3272 502 3329 futura
516 3270 608 3348 gloria
618 3268 740 3328 Achillis
750 3288 825 3348 prae-

60 3356 137 3416 dicta
148 3379 233 3431 esse,
250 3372 281 3417 nt
294 3359 404 3418 indicat
420 3358 631 3419 Choerohoscus
656 3359 687 3416 in
706 3357 825 3416 Behkeri

61 3448 171 3509 hnecd.
204 3469 233 3527 p.
265 3451 367 3521 1267:
398 3447 506 3527 Ἀρῶξιν
535 3447 607 3530 παρὰ
637 3449 766 3530 Σοφοκλεῖ
799 3447 825 3505 έν

61 3534 201 3616 Ἀχιλλέως
212 3539 350 3620 ἐρασταῖς·

63 3663 142 3747 [649]
156 3650 185 3730 O
196 3656 227 3732 δ’
235 3659 295 3732 ἔνθ’
306 3668 411 3743 ὅπλοις
424 3658 549 3759 ἀρρῶίιν
558 3651 718 3756 Ἡφαίστου
729 3687 827 3755 τεχνι-

757 3803 824 3843 tou.

64 3905 275 3967 Choeroboscus
303 3906 397 3988 ἀρῶὶιν
415 3908 455 3965 ait
470 3909 540 3966 κατὰ
558 3900 748 3983 μεταπλασμθν
774 3902 826 3962 ἀπὸ

63 3999 106 4051 τοῦ
118 3996 257 4078 ἀρρήκτοις
270 3997 386 4054 factum.
407 4025 417 4046 ι
433 3995 564 4075 Τεχνίτου
577 3995 608 4053 in
621 3992 701 4074 τέχνῃ
717 4005 826 4051 mutan·

63 4080 130 4140 dum
142 4086 265 4146 videtur.
281 4086 367 4144 initio
379 4084 443 4143 sort.
455 4083 490 4144 ‘0
500 4083 521 4142 δ’
531 4074 589 4156 ἦλθ’
599 4079 658 4142 ὅπλ.
671 4108 683 4136 υ
696 4081 826 4156 Diadorf.

65 4173 243 4234 Postremum
258 4187 372 4234 temere.

388 4311 499 4328 μοι·

374 4400 512 4460 ΚΡΙΣΙΣ.

1568 453 1624 508 θθθ

868 588 932 644 quae
950 582 1058 630 ceteras
1073 572 1165 630 iormn
1180 573 1467 653 superaret‚judicio
1479 595 1531 634 suo
1548 576 1624 636 dire-

868 657 928 715 mit.
948 663 993 716 De
1015 659 1140 734 ratione,
1160 681 1246 740 quam
1267 676 1354 740 poeta
1378 664 1409 722 in
1428 659 1628 742 componenda

868 745 963 804 sabula
980 761 1094 806 secutus
1108 763 1159 819 est,
1179 770 1323 829 perpauca
1340 752 1395 811 dici
1408 768 1537 831 possunt.
1557 759 1629 827 Quae

868 834 943 892 enim
958 834 994 893 ab
1004 837 1140 896 Atheneo
1152 841 1297 898 memoriae
1316 842 1432 918 prodita
1451 857 1532 917 sunt,
1546 863 1584 902 ex
1595 844 1630 900 iis

868 922 1014 1000 colligitur
1034 930 1176 985 Venerem
1197 941 1226 986 et
1252 930 1412 990 Minervam
1433 930 1630 1016 νιιιῖομιιοιίο

868 1011 1006 1090 cultuque
1028 1034 1044 1072 a
1065 1027 1151 1093 poeta
1171 1015 1303 1074 inductas
1325 1039 1394 1076 esse.
1415 1019 1536 1097 Scripsit
1555 1019 1631 1077 enirn

869 1100 1023 1160 Atheoaeus
1042 1103 1103 1160 haec
1117 1107 1180 1176 XV,
1196 1126 1225 1182 p.
1238 1107 1304 1180 687,
1319 1107 1453 1185 0:4650]
1468 1107 1605 1187 Σοφοκλῆς
1618 1112 1633 1166 θ

870 1188 980 1262 ποιητὴς
993 1193 1020 1250 ἐν
1033 1193 1125 1272 Κρίσει
1135 1193 1238 1272 [codex
1248 1193 1339 1277 κρησῖ]
1349 1199 1387 1276 τῷ
1398 1195 1512 1279 δράματι
1523 1194 1570 1268 τὴν
1584 1193 1631 1276 μέν

870 1278 1022 1360 Ἀφροδίτην
1034 1281 1130 1353 ἡδονήν
1144 1305 1203 1340 τινα
1214 1275 1293 1341 οὖσαν
1306 1283 1416 1361 δαίμονα
1432 1284 1508 1368 μθριρ
1520 1309 1549 1343 τε
1561 1287 1634 1343 ἀλει-

871 1365 986 1446 φομένην
1003 1367 1116 1451 παρέχει
1130 1370 1176 1430 καὶ
1190 1371 1443 1452 κατοπτριζομένην,
1455 1373 1503 1444 τὴν
1521 1375 1543 1432 δ’
1559 1372 1634 1445 Ἀθη-

871 1461 916 1514 νᾶν
934 1454 1058 1537 φρόνησιν
1078 1451 1157 1524 οὖσαν
1171 1460 1217 1518 καὶ
1234 1465 1311 1535 νοῦν,
1330 1459 1369 1520 ἔτι
1383 1462 1406 1520 δ’
1426 1460 1536 1542 ἀρετὴν,
1553 1461 1634 1542 ἐλαίῳ

872 1541 1012 1624 χριομένην
1023 1545 1068 1604 καὶ
1080 1545 1288 1626 γυμναζομένην.
1304 1550 1357 1608 His
1372 1551 1485 1628 egregie
1500 1550 1636 1608 convenit

874 1652 971 1692 versus
982 1637 1060 1712 apud
1072 1637 1267 1696 Herodianum
1280 1638 1348 1721 Περὶ
1362 1639 1487 1719 διχρόνων
1500 1639 1529 1696 in
1542 1643 1635 1697 Crem.

876 1721 983 1780 hnecd.
999 1724 1051 1782 vol.
1066 1727 1125 1803 ΙΙΙ,
1141 1747 1169 1804 p.
1189 1729 1262 1804 296,
1277 1728 1309 1799 8,
1323 1732 1448 1789 Dracon.
1465 1748 1494 1805 p.
1511 1726 1559 1800 35,
1574 1726 1591 1783 5
1606 1737 1636 1782 et

874 1816 1158 1885 gramm.Herrnanni
1175 1836 1204 1894 p.
1221 1825 1292 1888 444,
1308 1816 1373 1874 coli.
1386 1815 1553 1875 Herodiano
1567 1812 1635 1892 Περὶ

875 1920 933 1972 μον.
946 1897 1000 1968 λεἜ.
1017 1921 1046 1978 p.
1058 1903 1104 1975 36,
1117 1913 1152 1973 24
1167 1925 1173 1960 :
1187 1902 1277 1985 Φάρος
1289 1901 1429 1964 συστέλλου
1442 1901 1472 1962 τδ
1484 1926 1511 1978 α,
1521 1905 1555 1969 ὡς
1564 1898 1636 1982 παρὰ

876 1986 1043 2068 Σοφοκλεῖέν
1061 1989 1153 2070 Κρίσει
1163 1994 1305 2072 σατυρικῇ·

875 2132 957 2212 [tsi]
974 2130 1037 2196 Καὶ
1054 2122 1093 2205 δὴ
1108 2130 1194 2227 φοίρει
1207 2119 1284 2222 τῷδ’
1298 2139 1337 2211 ῶς
1354 2137 1417 2226 ἐμῷ
1428 2133 1635 2224 καλύπτομαι.

875 2269 945 2324 Deae
965 2280 1008 2325 est
1022 2270 1121 2348 vestis,
1142 2271 1261 2330 sortasse
1280 2273 1402 2331 iunonis
1423 2271 1468 2330 rel
1490 2270 1639 2345 Minervae,

877 2373 940 2431 quae
960 2353 1110 2414 haecdicit
1131 2379 1220 2436 quum
1241 2365 1339 2420 Venus
1350 2358 1437 2427 ,nuda
1460 2378 1521 2417 esse
1539 2359 1638 2416 soleat.

877 2440 973 2500 Charo
997 2443 1147 2502 tribuerim
1177 2447 1256 2524 quod
1285 2462 1328 2506 est
1357 2447 1435 2526 apud
1462 2447 1639 2523 Hesychinm

876 2527 958 2606 [652]
975 2556 986 2580 ι
999 2529 1085 2609 βυθοί,
1096 2558 1108 2585 ν
1121 2534 1145 2591 oi
1158 2533 1292 2612 μουσικοί·
1306 2531 1323 2605 ἣ
1335 2533 1437 2616 κροῶμοί
1450 2557 1485 2591 τι.
1503 2533 1640 2614 Σοφοκλῆς

879 2613 981 2696 Κρίσει.
996 2617 1096 2677 Codex
1111 2624 1195 2702 σοφῶς
1209 2621 1312 2703 κρησίν.

1206 2783 1305 2844 ΕΡΙΣ.

917 2925 1055 3006 Omnium
1070 2923 1309 2986 obscurissimum
1322 2941 1522 3006 argumentum
1540 2943 1584 2988 est
1598 2927 1642 2989 ia-

878 3011 952 3070 hulae
975 3032 1039 3089 quae
1062 3011 1139 3096 Ἔρις
1166 3014 1203 3073 ab
1236 3016 1382 3095 Sophocle
1416 3017 1554 3095 inscripta
1588 3031 1640 3077 est.

877 3100 1047 3158 Welclrerns
1062 3101 1179 3178 quidem
1202 3104 1344 3164 intellexit
1357 3106 1578 3165 altercationem
1591 3105 1641 3164 in-

880 3201 923 3246 ter
936 3194 1038 3249 iovem
1057 3203 1086 3249 et
1103 3195 1271 3270 Neptunum
1297 3193 1333 3252 de
1360 3194 1516 3268 Themide,
1531 3195 1566 3253 de
1584 3215 1642 3272 qua

879 3279 961 3336 Plato
978 3282 1021 3336 De
1035 3298 1095 3358 rep.
1109 3283 1147 3353 ΙΙ,
1163 3301 1190 3358 p.
1212 3283 1268 3358 379
1281 3305 1287 3340 ε
1302 3281 1360 3354 Τὴν
1373 3280 1400 3341 δέ
1412 3285 1466 3341 τῶν
1488 3279 1573 3361 ὅρκων
1597 3280 1643 3340 καί

879 3369 998 3428 σπονδῶν
1010 3371 1138 3448 σύγχυσιν
1150 3370 1183 3443 ἣν
1201 3375 1216 3430 θ
1234 3372 1371 3455 Πάνδαρος
1390 3371 1524 3452 συνέχεεν,
1542 3372 1587 3432 έοίν
1603 3396 1643 3439 τις

877 3459 913 3536 φῇ
930 3456 963 3514 δι’
980 3456 1086 3530 Ἀθηνᾶς
1096 3481 1126 3516 τε
1136 3457 1181 3517 καί
1202 3459 1263 3526 Διὸς
1276 3459 1420 3538 γεγονέναι,
1442 3461 1489 3518 οὐκ
1507 3460 1643 3520 ἐπαινεσό-

879 3549 960 3624 μεθα·
979 3544 1038 3606 οὐδὲ
1060 3549 1123 3605 θεῶν
1143 3546 1196 3629 ἔριν
1209 3569 1239 3606 τι
1258 3546 1304 3607 καί
1320 3549 1406 3630 κρίσιν
1421 3546 1463 3607 διὰ
1479 3543 1594 3624 Θέμιδός
1612 3573 1642 3608 τι

805 3663 814 3686 ι
878 3634 923 3694 καὶ
936 3625 1007 3703 deda.
1021 3641 1059 3695 At
1073 3634 1188 3694 videtur
1202 3636 1281 3695 alind
1294 3637 1364 3716 quid
1379 3638 1424 3695 his
1440 3634 1538 3695 verbis
1554 3637 1642 3696 intel·
1708 3712 1709 3716 ρ

877 3726 927 3804 ligi
941 3745 1028 3804 quam
1043 3737 1141 3784 censet
1156 3725 1332 3787 Welcherus.

918 3813 1109 3874 Memorabile
1121 3826 1164 3873 est
1179 3814 1258 3892 quod
1271 3814 1368 3873 fabula
1381 3814 1555 3893 simpliciter
1567 3814 1644 3896 Ἔρις

879 3905 954 3964 dicta
971 3920 1024 3985 est,
1038 3927 1100 3985 qne
1112 3906 1149 3965 ad
1165 3907 1297 3986 ignotum
1308 3906 1426 3984 aliquod
1440 3921 1642 3985 argumentum

880 3995 983 4054 referri
993 4015 1052 4054 non
1068 3997 1175 4074 potuit.
1186 3995 1305 4054 Deinde
1321 4015 1381 4054 non
1401 3996 1483 4054 facile
1501 3999 1643 4076 perspici·

880 4098 927 4143 tur
942 4085 1090 4164 quomodo
1104 4087 1200 4164 Satyri
1215 4084 1361 4144 introduci
1378 4086 1540 4164 potuerint,
1559 4088 1584 4146 si
1602 4088 1643 4148 dii

878 4173 1079 4252 disceptabant
1096 4175 1127 4233 in
1150 4174 1285 4254 Olympo,
1303 4173 1385 4251 cujus
1403 4175 1517 4234 honore
1537 4179 1643 4256 Superi

878 4263 944 4322 illos
958 4263 1088 4322 nondum
1110 4262 1213 4341 dignos
1233 4262 1389 4336 habebant,
1406 4277 1439 4323 ut
1459 4265 1499 4322 ait
1519 4266 1643 4328 Ovidius

879 4353 1075 4430 Metamorph.
1093 4357 1122 4422 1,
1139 4361 1205 4429 194.
1218 4351 1361 4422 Quocirca
1376 4373 1435 4411 non
1452 4352 1556 4412 dubito
1571 4356 1641 4433 quin

879 4441 934 4500 hoc
948 4441 1040 4500 simile
1054 4453 1256 4518 argumentum
1280 4441 1317 4499 sit
1336 4441 1376 4514 ei,
1398 4440 1478 4519 quod
1500 4442 1530 4500 in
1548 4444 1643 4523 Κρίσει

103 4531 219 4592 Fabulae
248 4546 453 4610 argumentum
481 4532 654 4594 Welcherus
678 4531 825 4602 indicavit,
878 4543 965 4608 poeta
978 4529 1143 4607 explicavit,
1156 4550 1214 4607 quo
1227 4530 1312 4588 etiarn
1325 4550 1460 4590 versuum
1473 4529 1553 4588 dncit
1566 4528 1643 4588 simi-

67 4618 114 4691 qui
137 4624 247 4681 nullum
266 4622 344 4681 aliud
359 4621 503 4700 judicium
525 4621 743 4700 intelligendum
766 4640 826 4678 esse
878 4617 981 4690 litudo,
1000 4618 1054 4676 nisi
1068 4613 1144 4696 Ἔρις
1161 4617 1241 4676 aliud
1259 4638 1365 4676 nomen
1386 4619 1441 4677 init
1455 4617 1584 4695 ejusdem
1599 4618 1642 4676 ia-

68 4701 164 4766 docnit
177 4711 232 4769 nisi
246 4711 366 4784 Paridis,
378 4711 429 4789 qui
446 4712 563 4770 dearum
578 4711 826 4789 disceptationem,
879 4706 964 4780 bulae,
977 4725 1040 4784 quae
1054 4703 1148 4787 Κρίσις
1161 4704 1238 4764 dicta
1249 4718 1301 4766 est.
1423 4759 1429 4768 ,

68 4901 184 4958 primum
197 4896 298 4968 insigni
313 4897 412 4969 gaudio
425 4897 597 4964 alliciuntur3

71 4975 205 5034 postremo
230 4989 293 5032 vero
319 4976 418 5048 glacies
438 4977 592 5048 liquescens
613 4990 703 5047 neque
724 4974 826 5030 dimitti

70 5057 156 5134 neque
167 5051 197 5108 in
211 5054 339 5112 manibus
350 5071 409 5111 rem
422 5055 510 5113 teneri
523 5052 700 5112 commodum
713 5061 763 5110 est.

72 5123 115 5181 Sto
127 5139 249 5190 amanus
261 5133 336 5190 idem
349 5133 516 5192 desiderium
707 5133 826 5202 [sistant.

74 5210 98 5258 et
115 5206 148 5264 ad
169 5212 304 5285 agendum
319 5229 391 5288 sepe
414 5215 530 5287 impetiit
548 5229 714 5288 rursumque
731 5221 763 5271 ut
779 5213 827 5272 de·

709 4896 825 4967 [aaa.
851 4877 856 4990 ι

932 4946 994 5001 Ηου
1006 4951 1127 5000 amatum
1143 4879 1323 5015 pueruitiiht
1336 4943 1421 5012 vides,
1435 4944 1588 5018 perdidisti.

895 5093 947 5151 lile
961 5108 1025 5150 vero
1035 5098 1095 5148 tum
1106 5091 1190 5148 arnus
1199 5027 1359 5165 jndihtibus
1370 5093 1487 5149 Vulcani
1498 5093 1613 5152 fabri...

934 5245 970 5300 Et
982 5256 1048 5301 sane
1062 5241 1115 5299 hac
1130 5249 1204 5300 reste
1216 5177 1322 5300 ulhhea
1336 5243 1443 5315 propria
1458 5241 1568 5302 vendor.
