3740 5790
425 767 1216 1018 AESCHYLI

545 1201 1092 1338 FRAGMENTA.

735 1475 898 1502 ⁸⁴00·-

253 1668 576 1762 LYCURGIA.
841 1657 932 1734 sdes<
951 1660 1060 1744 ltttffl
1075 1665 1089 1720 ὅ
1102 1661 1205 1730 telasa
1277 1659 1379 1744 orioro
1395 1660 1492 1738 αὐτὴν,
1507 1669 1537 1724 ἂν
1552 1673 1601 1726 αα-

841 1752 943 1830 νατωίῇ
951 1753 1109 1830 Λυκοῦργος.
1124 1748 1259 1810 Ἡδωνοίδ
1282 1749 1604 1834 ἀκούσαντεςιίςτὸΠαγ-

90 1843 216 1924 Lycurgia
234 1843 311 1903 inter
331 1861 435 1922 paucas
449 1837 577 1916 trilogias
587 1837 633 1896 vel
648 1836 744 1914 potius
756 1847 799 1894 te-
842 1844 914 1916 γαῖαν
925 1834 1001 1896 αὐτὸν
1011 1835 1190 1916 ἀπαγαγόντες
1200 1835 1258 1920 ὄρος
1267 1837 1535 1910 ίδησαν,κάκτῖκατὰ
1545 1844 1605 1902 Διο-

60 1935 173 2011 tralogias
190 1931 342 1991 referenda
361 1942 421 2002 est,
443 1947 507 2006 quae
523 1923 669 2004 quomodo
685 1943 702 1982 a
715 1936 799 2002 poeta
842 1921 917 1982 νέοιο
932 1922 1054 2003 βούλησιν
1065 1923 1116 1983 ὑπὸ
1128 1922 1217 1985 ἵππων
1230 1923 1378 2007 διαφθαρείς
1392 1925 1528 1990 ἀπέθανεν.
1549 1934 1606 1990 An.

60 2023 200 2099 eonpositae
213 2019 343 2091 luerint,
365 2016 453 2075 hodie
472 2013 597 2073 dubitari
615 2032 674 2070 non
695 2024 799 2090 potest.
844 2011 915 2089 tiqui
929 2009 996 2068 libri
1014 2010 1215 2094 ἀκρωτηριάσας
1235 2011 1325 2071 ἑαυτόν
1345 2011 1462 2073 habent.
1486 2015 1569 2090 Quod
1582 2019 1605 2076 si

59 2113 201 2170 Welclerus
218 2107 337 2188 quidem
361 2107 430 2164 olim
445 2103 521 2163 libro
540 2103 575 2162 de
590 2102 715 2178 AEschyli
728 2105 800 2159 Pro-
843 2119 943 2158 verum
956 2112 1016 2175 est,
1035 2104 1203 2178 Lycurgus,
1224 2116 1281 2154 non
1299 2105 1410 2178 Dryas,
1429 2103 1607 2182 intelligitur,

60 2199 160 2256 metheis
174 2197 314 2276 tragoediis
328 2193 406 2253 edito
420 2191 543 2265 fabulas,
559 2210 623 2268 quae
640 2189 723 2247 dictae
734 2201 801 2247 sunt
843 2188 894 2266 qui
906 2207 993 2266 quum
1003 2188 1092 2246 lilium
1105 2188 1264 2259 occidisset,
1279 2189 1381 2265 pedem
1394 2189 1450 2248 sibi
1464 2192 1606 2270 praecidit,

60 2279 425 2367 Διονίοοοτροροί,’ίίδωνοί,
441 2283 607 2360 Λυκοῦργος,
622 2276 800 2358 Βασοαρίδις,
843 2277 873 2335 id
893 2278 970 2355 quod
991 2298 1007 2336 a
1029 2277 1199 2354 quibusdam
1222 2278 1410 2356 scriptoribus
1431 2281 1608 2357 perhibetur.

61 2373 129 2431 unita
147 2374 261 2450 trilogiae
292 2368 509 2429 continuatione
526 2367 692 2443 conjunctas
714 2364 802 2423 luisse
844 2371 937 2424 Locus
950 2378 992 2424 est
1006 2365 1085 2442 apud
1099 2365 1235 2443 Apollod.
1249 2371 1302 2440 ΙΙΙ,
1316 2369 1343 2439 5,
1360 2389 1384 2425 1.
1395 2372 1440 2426 De
1452 2381 1544 2427 morte
1557 2390 1609 2428 va.

61 2461 162 2520 oerrsuit.
176 2466 275 2520 Postea
286 2459 343 2516 viri
356 2456 512 2516 doctissimi
523 2454 693 2513 sententiam
703 2453 802 2512 salsam
844 2453 886 2511 ria
902 2454 1074 2532 scriptorum
1094 2453 1253 2512 recordatio
1266 2467 1318 2512 est.
1334 2459 1477 2514 Homerus
1495 2463 1608 2534 Lycur-

63 2565 110 2604 esse
119 2547 331 2626 appamitedito
345 2544 382 2604 ab
391 2549 557 2603 Hermanno
567 2542 676 2600 scholio
690 2541 726 2600 ad
736 2541 801 2600 Ari·
844 2559 911 2618 gum
917 2553 1097 2613 occaecatum,
1107 2541 1264 2618 Sophocles
1272 2561 1359 2599 saxeo
1369 2544 1609 2620 antroinelusum,

63 2636 187 2711 stephanis
206 2633 384 2712 Thesmoph.
405 2653 432 2692 ν.
458 2633 512 2691 135
534 2631 564 2690 in
585 2630 662 2689 hunc
684 2631 801 2689 modum
845 2629 894 2686 alii
913 2630 967 2687 alia
986 2649 1067 2706 poena
1086 2629 1221 2688 affectum
1246 2631 1389 2688 memoriae
1410 2631 1609 2708 prodiderunt.

63 2726 153 2798 scripto
165 2745 172 2780 :
184 2721 239 2794 Τὴν
255 2718 424 2806 τετραλογίαν
441 2719 511 2798 λέγει
526 2718 699 2800 Λνκουργίαν,
714 2718 802 2779 Ἠδω-
845 2719 1025 2775 Nonconstat
1032 2715 1102 2794 quid
1112 2717 1260 2793 AEsehylus
1270 2716 1305 2775 de
1312 2719 1610 2795 Lyeurgotradiderit;
1698 2752 1703 2762 ·

66 2807 117 2882 νοίις,
129 2811 296 2892 Βαοοαρίδας,
307 2808 477 2884 Νεανίσκοις,
491 2805 641 2889 Λυκοῦργον
654 2806 699 2866 τὀν
713 2809 803 2867 Σατο-
845 2803 982 2862 credibile
1002 2817 1097 2862 tamen
1117 2817 1161 2863 est
1179 2805 1256 2862 hunc
1276 2806 1490 2883 antiquissimos
1507 2821 1609 2886 poetas

66 2896 129 2974 ροιίν.
846 2907 974 2954 aceruum
996 2896 1030 2954 iia
1053 2894 1220 2954 auctoribus
1241 2896 1487 2956 adnumerandum
1510 2898 1606 2973 luisse,

96 2991 230 3064 Lycurgus
242 3009 293 3048 rex
305 2988 362 3046 ruit
376 2987 543 3046 Edonorum
555 2984 705 3044 Thraciam
719 2983 802 3042 inco·
846 3005 918 3062 agnos
929 2984 1076 3044 Diodorus
1083 2985 1193 3044 Siculus
1202 2989 1255 3055 ΙΙΙ,
1266 2987 1303 3043 62
1309 2987 1379 3044 et63
1392 3001 1611 3062 commemorat;

66 3069 175 3146 lentium,
186 3075 274 3134 feroci
281 3075 379 3134 animo
390 3075 551 3145 vehemens,
562 3071 666 3130 Bacchi
678 3083 805 3130 coutem-
846 3093 898 3132 nec
912 3075 1006 3152 potuit
1018 3079 1181 3152 Lycurgum
1196 3074 1403 3152 interemptum
1416 3075 1530 3135 tradere
1537 3121 1546 3150 ,
1563 3077 1612 3154 qui

68 3171 133 3234 ptus,
150 3183 230 3239 quem
243 3165 273 3222 in
283 3163 438 3224 Thraciam
456 3162 620 3220 venientem
641 3179 699 3218 non
718 3159 804 3234 modo
847 3174 875 3219 et
887 3163 917 3220 in
928 3161 1025 3220 fabula
1035 3163 1164 3239 Satyriea
1175 3174 1218 3220 est
1227 3163 1410 3222 introductus
1420 3176 1449 3222 et
1458 3165 1533 3224 inter
1543 3165 1613 3223 deos

69 3249 173 3324 recipere
182 3263 209 3308 et
222 3253 318 3310 colere
329 3251 473 3310 recusavit
483 3292 492 3322 ‚
508 3249 558 3310 sed
573 3249 805 3327 etiamntpoenas
847 3251 951 3309 relatus
970 3252 1122 3329 cultusque
1143 3271 1160 3310 a
1178 3250 1344 3311 Thracibus.
1371 3254 1499 3330 Trilogit
1518 3267 1612 3313 autem

69 3331 218 3416 iniuriaque
236 3341 261 3398 ei
281 3340 418 3412 inferret,
442 3339 534 3417 impio
553 3336 648 3396 animo
670 3337 804 3394 incitatus
848 3352 934 3416 poeta
951 3340 1053 3418 procul
1066 3338 1157 3398 dubio
1170 3340 1321 3398 victoriam
1334 3339 1508 3413 celebravit,
1526 3361 1611 3418 quam

71 3421 338 3487 unoinsecutusest.
363 3425 579 3486 Deushominis
592 3422 805 3502 improbitatem
849 3427 975 3486 bacchus
999 3428 1078 3487 band
1101 3429 1183 3488 aliter
1209 3429 1245 3487 de
1272 3428 1454 3507 bipennifero
1476 3435 1611 3508 Lycurgo

70 3525 114 3565 non
120 3509 200 3572 terens
208 3515 423 3593 ignominiaque
433 3525 549 3592 accepta
562 3511 688 3571 offensus
698 3511 805 3570 suinu-
847 3525 933 3592 atque
950 3515 986 3572 de
997 3514 1126 3574 Pentheo
1139 3515 1246 3573 retulit.
1270 3516 1324 3574 Hic
1335 3516 1432 3590 enim,
1450 3528 1482 3574 ut
1493 3519 1615 3576 Nonnus

71 3595 136 3656 minis
145 3601 305 3662 violatorem
321 3603 461 3682 perdidit.
848 3602 935 3661 refert
944 3601 1037 3680 (XXI,
1047 3601 1123 3681 159),
1131 3601 1289 3681 ἀὸάκχιυτος
1299 3604 1318 3662 i.
1327 3623 1351 3662 e.
1359 3603 1539 3662 adversarius
1547 3608 1614 3662 Bac·

101 3687 149 3744 iles
160 3702 245 3765 gestas
264 3691 296 3750 in
313 3703 397 3750 sexto
414 3689 490 3749 libro
508 3688 605 3748 Iliadis
625 3686 662 3746 ab
677 3691 805 3746 Homero
848 3692 911 3767 chi,
928 3692 1010 3770 cujus
1025 3695 1118 3752 cultus
1134 3713 1151 3752 a
1166 3693 1273 3751 Graecis
1287 3693 1317 3751 in
1338 3693 1488 3752 Thraciam
1504 3693 1615 3754 delatus

73 3787 280 3837 commemoratas
290 3775 806 3859 postermultiintervetereascripto·
848 3792 901 3842 est.

74 3875 108 3914 Μ
123 3879 321 3940 exposueram
340 3885 426 3926 nemo
440 3865 585 3943 copiosius
599 3876 627 3921 el
648 3862 806 3922 accuratius
887 3869 1045 3928 Fatendum
1060 3879 1104 3926 eat
1118 3886 1154 3924 ex
1165 3867 1210 3945 iis,
1228 3885 1292 3944 quae
1301 3867 1496 3944 Apollodorus
1508 3887 1614 3928 memo·

75 3963 141 4018 qaam
149 3954 287 4027 Eumelus,
298 3967 331 4012 ut
342 3967 385 4014 est
393 3952 470 4033 apud
478 3953 665 4014 Scholiastam
677 3951 713 4010 ad
722 3950 805 4010 Iliad.
848 3957 897 4014 riae
908 3955 1043 4035 prodidit,
1054 3954 1180 4032 quodam
1189 3967 1275 4033 pacto
1282 3973 1365 4032 posse
1374 3956 1505 4034 intelligi,
1515 3977 1614 4035 quern·

75 4031 103 4103 Ζ,
118 4038 170 4097 ¹3¹·
188 4045 279 4116 Quum
298 4063 369 4100 vero
383 4041 496 4101 Eumeli
515 4040 643 4099 narrati0
665 4037 807 4098 interierit
849 4045 1001 4106 admodum
1019 4043 1168 4102 historiae
1182 4055 1267 4122 poeta
1286 4044 1363 4103 inter
1382 4057 1438 4104 tres
1456 4046 1610 4122 tragoedias

75 4125 231 4203 “ngiflffl‚
248 4130 396 4189 Diodorus
407 4130 537 4200 Siculus,
556 4127 604 4187 alli
618 4146 663 4184 ¹⁸0³
680 4125 807 4186 breviter
849 4131 995 4210 dispertiri
1013 4130 1149 4209 potuerit.
1164 4125 1264 4187 'Edoni
1282 4132 1387 4190 Bacchi
1411 4132 1567 4192 adventum
1586 4137 1615 4192 in

75 4215 242 4291 exposuerint,
254 4217 464 4296 Apollodorum
478 4215 654 4294 sequendum
663 4211 806 4287 duximus,
849 4219 1010 4292 Thraciam,
1024 4238 1148 4297 pugnam
1160 4238 1225 4276 cum
1239 4218 1301 4295 ejus
1313 4218 1478 4292 comitibus,
1490 4222 1613 4300 Lycurgi

77 4295 114 4368 qu
124 4314 260 4380 postquam
272 4306 416 4365 Bacchum
436 4306 557 4384 cognitis
576 4305 605 4364 in
618 4304 743 4382 Phrygia
758 4324 806 4364 sa·
850 4308 1001 4367 victoriam
1012 4307 1165 4377 infelicem,
1181 4305 1290 4365 cladem
1300 4319 1330 4365 at
1338 4307 1534 4385 captivitatem
1544 4312 1615 4366 Bae·

77 4381 203 4448 πολλου
214 4405 385 4472 sumptoque
398 4394 429 4452 in
443 4393 499 4452 illis
519 4391 686 4472 regionibus
703 4393 808 4452 usitato
850 4397 915 4474 ohi;
936 4399 1117 4470 Bassaridas,
1140 4414 1204 4474 quae
1226 4395 1333 4454 easdem
1353 4395 1470 4455 Bacchae
1486 4395 1614 4454 Thraciae

78 4472 161 4530 vestitu
169 4477 252 4541 Indos
260 4480 338 4540 adire
349 4501 402 4561 per
413 4483 564 4542 Thraciam
576 4481 731 4540 instituisse
741 4501 807 4540 nar·
850 4496 916 4542 sunt
928 4484 1027 4557 dictae,
1043 4484 1167 4544 solutum
1178 4483 1323 4542 Bacchum
1333 4484 1524 4560 comitesque,
1538 4484 1614 4555 insa-¹

78 4558 150 4630 ravit,
168 4563 224 4624 hec
244 4567 354 4628 addidit
369 4592 377 4628 ι
392 4574 539 4651 Λυκοῦργος
560 4568 588 4628 δέ
603 4578 665 4648 παῖς
678 4567 809 4650 Δρύαντος
852 4573 928 4631 uiam
936 4573 1075 4650 Lycurgi,
1090 4573 1238 4630 interitum
1257 4572 1394 4648 Dryantis
1406 4571 1472 4643 fitii;
1486 4572 1616 4627 Neanisei

79 4637 178 4709 Ἠδωνῶν
195 4655 308 4732 βασιλεὺς
321 4657 346 4718 ol
366 4662 503 4740 Στρυμόνα
515 4656 633 4737 παταμὸν
645 4667 808 4741 παροικοῦσι,
851 4660 968 4719 sortasse
991 4660 1152 4738 resipientis
1173 4660 1299 4738 Lycurgi
1323 4678 1437 4737 poenam
1463 4658 1493 4716 in
1518 4669 1615 4714 monte

79 4734 158 4808 *tiore
171 4737 271 4821 ίνίρίοας
288 4743 407 4814 ἰὶέὸαλιν
418 4746 503 4808 αὗτίν.
515 4745 570 4808 Καὶ
582 4745 705 4816 Διόνυσος
715 4745 762 4825 μίν
773 4750 809 4814 τίς
851 4753 971 4825 Pangaeo
986 4748 1104 4826 ejusque
1118 4747 1326 4806 dedicationem
1342 4759 1375 4804 ut
1388 4746 1444 4820 dei,
1458 4745 1508 4822 qui
1522 4757 1615 4802 tamen

80 4813 187 4884 ίίλατοαν
196 4826 257 4912 πρὸς
268 4830 348 4893 Θέτιν
362 4833 410 4907 τὴν
425 4834 534 4916 Νηρέως
545 4833 689 4917 κατίρυγι·
703 4833 809 4914 Βιίκχαι
851 4836 964 4894 Baccho
976 4837 1096 4895 inferior
1107 4846 1190 4906 esset,
1204 4835 1364 4913 Bacchique
1378 4833 1494 4903 laudes3
1509 4835 1615 4906 Lycur-

81 4904 100 4960 δὲ
109 4909 208 4988 llittura
217 4921 379 5002 αίγγιαλωτοι
394 4922 440 4984 καί
454 4923 484 4986 τὸ
501 4923 673 5004 ουνιπίμινον
684 4923 808 5008 Σατύρων
850 4945 900 5000 gur
914 4924 1051 5002 denique,
1064 4924 1162 4984 sabula
1175 4925 1319 5001 satyrica,
1335 4927 1514 5000 Lycurgum,
1528 4919 1615 4980 deum

82 4991 157 5064 aaa
169 5003 241 5088 νίτῷ.
264 4999 340 5078 Αὖθις
352 5009 380 5072 bi
391 5013 419 5070 ai
428 5012 534 5092 Βάκχαι
542 5011 669 5084 ἐλύθησαν
681 5011 808 5096 ἐξαίφνης·
852 5024 991 5089 agrestem
1002 5013 1112 5071 Baccho
1125 5011 1271 5070 cedentem
1286 5011 1315 5068 in
1328 5021 1497 5087 montesque
1508 5008 1614 5088 relaga-

82 5079 122 5140 ὁδί
135 5089 245 5166 Μηνὸς
261 5096 380 5177 Δρύαντα
398 5099 442 5160 τὸν
460 5103 543 5160 παῖδα
560 5101 678 5179 ἀμπέλου
697 5101 809 5179 νομίζων
853 5111 913 5158 tum
934 5100 1087 5178 solisquea
1107 5098 1273 5178 pastoribus
1291 5111 1320 5157 et
1338 5097 1470 5178 agricolis
1492 5097 1614 5170 cultum,

82 5166 154 5246 ’llll‘
164 5175 261 5242 xlmis
272 5182 375 5244 πιλέκιι
393 5185 494 5259 πλήξας
511 5185 648 5248 ίπίκτιινι
661 5185 705 5248 καί
718 5189 809 5270 ἀκρω-
852 5189 1048 5249 continebant.

85 5258 185 5336 “illut
195 5265 267 5332 ababa
278 5272 447 5352 ίαωφρίνηοε.
457 5280 513 5348 Τῆς
525 5273 553 5336 di
564 5280 612 5355 γῆς
625 5276 743 5357 daignac
758 5301 809 5356 μι-

133 5375 248 5428 [aaran.
1492 5385 1519 5435 ῃ
