3680 5790
196 528 309 590 Deinde
336 541 397 588 tota
421 526 559 587 narratio.
579 525 676 588 Galen.
698 523 757 585 vol.
780 527 842 598 tx,
855 544 884 604 p.
901 523 957 583 385

196 619 293 677 Chart
307 617 356 695 (V,
371 637 399 696 p.
415 617 470 686 454
494 613 611 695 easily:
635 617 714 674 Δοκεῖ
729 610 777 690 μιν
798 612 849 694 γὰρ
875 609 956 684 αὐτὴν

194 704 262 853 φρὴν
275 703 413 788 crippus)
425 703 470 764 dari
480 707 528 776 τῆς
545 707 626 776 πνοῆς
637 703 773 784 Σοφοκλῆς
793 703 820 761 ἰν
844 699 958 780 Κόλχοις

224 817 278 874 γιιν

193 931 276 1011 [ut]
294 918 399 1022 Ᾰπῇξι
420 921 535 1021 πίμριξ
549 933 589 1006 ὡς
601 925 687 996 ἰπνοῦ
705 925 902 1018 σελασφόρου.

193 1069 258 1132 Ἐπὶ
274 1069 302 1131 δι
313 1071 484 1132 τῶνᾶκτίνων
498 1073 583 1130 αῦτῶν
592 1071 662 1130 douai
675 1072 791 1150 χρῆσθαι
802 1070 840 1150 τῷ
848 1067 956 1148 ὀνόματι

194 1159 330 1242 ’ψιλῆς
345 1161 371 1220 lt
387 1158 500 1241 Κολχοις
514 1157 581 1218 κατὰ
594 1157 658 1218 τόδε
672 1157 704 1217 ‘td
717 1159 777 1230 ἔπη·

642 1285 709 1356 Κᾶν
728 1290 898 1381 ἐθαύμασας

296 1406 485 1480 τηλέσκοπον
507 1407 645 1500 πέρφιγα
666 1406 795 1499 χρυσέαν
816 1395 901 1470 ἰδών.

190 1539 319 1600 Priorem
342 1559 457 1600 versum
482 1543 663 1598 Hermaunus
681 1539 816 1598 correxit.
837 1539 953 1616 (Opusc.

189 1627 246 1686 rol.
265 1632 317 1697 lv,
338 1647 367 1706 p.
391 1626 470 1705 κῃ.)
494 1625 656 1705 Lege-batur
678 1626 760 1705 ἀπῇξι
783 1624 906 1708 elperico
925 1628 953 1686 οὐ

188 1710 271 1781 πόλος
293 1713 389 1798 φόρου;
412 1728 441 1774 et
461 1715 552 1773 altero
574 1735 658 1774 versu
683 1714 828 1793 ἐθαύμασα.
851 1714 952 1774 Eidem

188 1803 254 1862 luco
268 1803 492 1864 adscribendum
507 1816 550 1862 est
569 1805 761 1882 fragmentum
780 1802 858 1882 apud
883 1803 953 1861 Pin-

188 1890 252 1951 dari
266 1892 449 1952 scholiastam
463 1893 548 1970 Pyth.
563 1893 616 1964 lv,
629 1893 687 1970 398
704 1915 712 1951 a
728 1889 796 1958 Ἰοῦς
810 1890 954 1970 πυρίπνους

183 1976 296 2060 παύρους
310 1980 500 2061 ’λντίμαχοςῦν
513 1980 588 2060 Arida
603 1979 857 2063 Ἡφαιστοτιόκτους
871 1977 952 2057 λέγει.

188 2067 244 2128 Καὶ
258 2070 395 2151 Σοφοκλῆς
408 2069 436 2128 di
450 2071 563 2150 χαλκοῦς
582 2073 642 2149 βοῦς
655 2067 815 2150 ἀδιρριότους
830 2067 925 2150 φησιν·

186 2207 269 2288 [416]
288 2207 513 2285 Χαλκοοιιιλιῖς
528 2202 613 2298 γὰρ..

295 2367 408 2389 .......
424 2318 580 2388 taurinen
595 2320 766 2413 πνευμόνων
787 2315 865 2388 ἄπο·

291 2437 394 2530 φλέγει
412 2425 446 2502 δὲ
466 2437 586 2530 ρυκτλρ
606 2441 645 2515 ὡς
649 2481 729 2504 .....

186 2569 356 2652 (Πνευρόνων
378 2573 493 2651 scripsit
515 2574 662 2653 Berglrius.
688 2571 853 2650 Legebatur
868 2593 950 2632 rucu-

186 2657 300 2740 μάτων.)
311 2664 396 2720 lason
408 2660 512 2720 deinde
523 2675 653 2721 seruatus
661 2675 689 2721 et
700 2662 729 2720 iu
740 2681 853 2720 scenam
868 2662 951 2721 redu·

184 2761 248 2808 ctus
259 2769 349 2826 quum
364 2749 582 2810 medicaminum
602 2753 663 2810 vim
679 2763 708 2809 et
720 2750 876 2810 efficacium
893 2753 948 2809 mi-

183 2850 281 2912 retur,
297 2837 399 2897 Medea
410 2837 464 2912 ait,
489 2839 566 2918 quod
579 2851 621 2898 est
637 2839 715 2919 apud
728 2841 852 2917 Etymol.
865 2845 906 2900 M.
919 2859 947 2918 p.

184 2927 253 3002 439,
271 2945 283 2982 ι
301 2946 308 2983 ι
331 2927 470 3005 Σοφοκλῆς
483 2927 615 3008 Κόλχοις·

181 3057 264 3138 [tlt]
279 3041 369 3145 Ῠριῖς
382 3053 436 3145 ριν
451 3057 507 3121 οῦκ
522 3051 571 3147 ἄρ’
588 3053 663 3148 ῆστι
678 3054 730 3122 etv
745 3053 920 3148 Προμηθέα·

182 3179 241 3240 αντὶ
252 3185 299 3240 τοῦ
314 3179 410 3260 ᾔδειτε.
424 3181 536 3241 Deinde
551 3183 635 3262 plura
654 3183 691 3241 de
708 3182 881 3241 Prometheo
893 3203 946 3242 ex-

181 3269 276 3350 posita
287 3289 349 3329 esse
360 3269 504 3347 videntur,
515 3291 579 3350 quae
592 3283 695 3331 auctor
703 3271 865 3349 argumenti
878 3276 946 3330 Pro·

180 3358 286 3417 methei
300 3359 446 3437 AEschylei
468 3359 575 3420 iudicat
590 3383 597 3417 :
615 3362 709 3421 Κοῖτοι
730 3355 758 3417 dl
773 3362 791 3430 ἡ
805 3358 946 3438 μυθοποιίοι

180 3446 388 3530 ἶν’παρικόόσει
400 3448 473 3531 παρὰ
490 3451 620 3532 Σοφοκλιῖ
636 3450 663 3509 όν
684 3446 808 3528 Κόλχοις.
823 3448 946 3508 Videtur

178 3533 280 3597 deinde
296 3537 438 3616 profectio
455 3539 564 3598 Medeae
576 3541 649 3598 clam
672 3549 771 3618 parata
793 3549 823 3596 et
841 3536 946 3596 abiisse

179 3623 227 3682 illa
243 3624 396 3685 interiecto
407 3626 532 3704 Absyrto
547 3629 646 3707 fratrc,
661 3638 694 3685 ut
707 3638 750 3684 est
761 3624 839 3704 apud
854 3625 944 3684 schol.

177 3713 343 3789 Apollonii,
356 3714 437 3793 cujus
452 3715 539 3775 verba
551 3737 639 3795 supra
654 3715 867 3794 descripsimus.
883 3718 944 3772 Re-

177 3811 233 3858 stut
250 3821 295 3878 ap.
309 3805 431 3880 Hesych.
448 3827 455 3862 :
470 3805 495 3883 Γ
507 3804 576 3884 4⁴17]
591 3831 604 3858 «
615 3805 844 3884 ἐπαλλαχῦιῑσα,ν
861 3803 943 3861 ἐπαλ-

176 3885 286 3957 latiare.
304 3891 369 3972 Σοφ.
384 3893 523 3972 Κολχίσιν.

482 4034 636 4059 -οθοοσ-

468 4133 639 4196 SCYTHAE.

214 4270 272 4330 Diu
283 4288 372 4349 quum
384 4267 582 4346 ignoraretur,
597 4267 744 4346 quodnam
769 4267 871 4326 suisset
890 4287 940 4326 ar-

174 4371 341 4438 gumentum
359 4355 520 4434 tragoediae,
534 4375 620 4434 quam
631 4357 803 4433 Scytharum
821 4355 940 4414 nomine

174 4449 333 4527 Sophocles
345 4447 492 4525 inscripsit
501 4489 509 4518 ,
518 4450 555 4506 W
557 4445 685 4504 elckerus
697 4444 767 4504 illud
781 4444 940 4521 dispertisse

175 4539 252 4596 risus
267 4549 309 4596 est
324 4538 389 4595 loco
398 4581 407 4608 ‚
422 4536 474 4614 qui
489 4547 533 4594 est
546 4534 576 4592 in
597 4539 768 4593 commento
791 4533 861 4590 artis
877 4538 940 4592 Do-

173 4627 242 4694 nati,
257 4626 335 4704 quod
345 4625 559 4684 Lindemauuus
568 4621 671 4696 edidit,
684 4643 715 4701 p.
729 4625 783 4695 487
795 4643 803 4680 ς
813 4621 937 4693 «Aliam,

172 4714 266 4792 iuquit
275 4759 283 4789 ,
297 4715 412 4794 scripsit
424 4714 557 4774 Medeam
573 4711 732 4791 Sophocles
747 4711 822 4770 idem
835 4709 865 4768 in
880 4709 936 4768 alio

174 4801 279 4861 luroris
302 4815 383 4875 actu,
400 4801 483 4861 aliam
503 4800 672 4880 Euripides,
695 4799 778 4859 aliam
801 4798 849 4857 alii
864 4797 933 4856 scri·

745 389 956 456 sorttoctts
976 389 1224 456 FRAGMENTA.

1017 535 1127 604 ptores.
1141 529 1219 605 Ergo
1228 545 1285 584 uon
1300 523 1337 584 de
1348 523 1405 585 illis
1416 522 1526 583 Medeis
1539 525 1673 588 sentimus
1682 577 1689 606 ,
1699 555 1746 612 qua

1011 613 1182 674 occiderunt
1195 614 1271 674 filios
1282 633 1370 686 suos,
1383 613 1465 692 quasi
1479 615 1576 674 multae
1590 617 1659 691 sint,
1668 623 1709 680 sed
1720 627 1745 683 dr

1010 705 1067 764 illis
1079 726 1144 784 quae
1153 705 1268 784 scriptae
1276 715 1342 763 sunt
1356 722 1409 782 pcr
1422 701 1518 762 varios
1529 718 1667 766 auctores.
1681 712 1745 773 ,44η

1009 799 1150 869 Donatus,
1166 793 1272 874 quibus
1283 791 1463 872 explicandis
1474 794 1639 854 Wclelrerus
1648 797 1675 856 in
1687 799 1745 862 bunc

1011 881 1128 942 modum
1143 883 1258 961 scripsit
1270 905 1278 940 ε
1288 887 1381 942 Furor
1403 881 1514 942 Medeae
1531 883 1712 962 proditionem
1726 907 1745 951 et

1011 970 1237 1032 imbecillitatem
1250 971 1361 1030 Iasonis
1373 969 1491 1032 indicat.
1502 970 1606 1032 Medea
1613 977 1682 1034 euim
1691 999 1746 1038 sem

1010 1080 1092 1139 pera
1109 1061 1203 1140 poetis
1217 1060 1392 1120 describitur
1406 1059 1492 1138 plena
1506 1061 1621 1134 amoris,
1635 1065 1702 1124 nulla
1714 1073 1746 1128 sui
1800 1060 1801 1074 ¹

1009 1150 1108 1211 habita
1118 1152 1247 1222 ratione,
1261 1151 1297 1210 ad
1312 1171 1398 1210 omne
1411 1150 1521 1210 facinus
1536 1155 1698 1232 patrandum
1708 1179 1746 1236 pa·
1800 1149 1801 1168 ¹

1009 1254 1085 1316 rata,
1101 1241 1207 1300 amoris
1219 1260 1305 1300 causa
1316 1259 1376 1300 non
1393 1239 1495 1299 timens
1508 1241 1631 1302 aliorum
1644 1259 1746 1306 eontan-

1010 1341 1069 1390 tum
1080 1343 1108 1390 et
1122 1329 1264 1409 quidquid
1280 1329 1372 1390 valuit
1387 1329 1499 1390 artibus
1519 1333 1636 1410 magicis
1656 1354 1745 1414 semper

1009 1421 1038 1478 iu
1048 1441 1176 1480 amorem
1190 1440 1275 1480 suum
1288 1419 1385 1479 mariti
1402 1421 1564 1482 conferens.
1578 1427 1675 1503 ltaque
1686 1427 1745 1488 nulla

1008 1509 1063 1568 alia
1075 1529 1108 1568 re
1117 1508 1236 1588 perinde
1245 1510 1389 1568 excitatur
1401 1530 1486 1588 quam
1500 1511 1557 1568 tide
1569 1511 1669 1572 violata
1679 1535 1745 1592 quam

1008 1595 1044 1656 ab
1068 1601 1170 1656 Iasone
1185 1599 1305 1676 accepit.
1332 1597 1444 1657 Deinde
1460 1599 1631 1674 Scytharum
1652 1604 1746 1662 nomine

1007 1686 1120 1761 lorum,
1134 1706 1194 1765 quo
1208 1706 1255 1746 res
1279 1687 1396 1764 transigi
1411 1701 1497 1766 poeta
1512 1689 1634 1762 fecerit,
1649 1691 1745 1751 indicari
1801 1670 1802 1688 l

1007 1787 1109 1853 putat,
1125 1787 1184 1833 tuna
1200 1788 1402 1854 argumentum
1420 1776 1450 1834 iu
1466 1776 1544 1835 laune
1556 1777 1670 1838 modurn
1683 1801 1745 1838 com·

1007 1864 1104 1942 posuit
1117 1885 1123 1921 r
1136 1864 1236 1926 Colchi
1253 1870 1434 1940 Argonautas
1446 1864 1570 1923 insecuti
1581 1865 1644 1924 loco
1655 1867 1744 1926 cuidam

1007 1951 1178 2029 Scytharum
1191 1953 1227 2010 ad
1241 1965 1346 2010 terram
1361 1953 1497 2032 appulsos
1511 1953 1612 2031 adepti
1625 1967 1686 2013 sunt
1701 1977 1746 2035 pu-

1006 2061 1152 2120 gnamque
1163 2041 1333 2100 minitantur
1341 2060 1375 2100 ac
1386 2040 1545 2100 uerendum
1555 2054 1608 2115 est,
1622 2061 1656 2102 ne
1666 2043 1745 2103 incole

1006 2130 1082 2189 illius
1104 2129 1230 2207 regionis
1250 2129 1375 2188 Colchos
1392 2129 1479 2188 armis
1496 2130 1653 2208 adjuverim
1670 2137 1745 2192 AEetes

1006 2219 1093 2277 liliam
1106 2232 1229 2297 raptam,
1243 2229 1276 2276 ut
1287 2217 1325 2276 ob
1340 2218 1446 2277 easdem
1459 2217 1576 2296 Absyrti
1585 2240 1645 2278 eam
1657 2222 1745 2299 puniat,

1005 2309 1129 2387 repetit,
1147 2308 1244 2366 lasoui
1266 2328 1301 2366 ex
1324 2307 1439 2366 duobus
1456 2308 1580 2367 alterum
1606 2309 1743 2388 eligendum

1004 2410 1056 2468 est,
1071 2409 1168 2455 utrum
1178 2395 1297 2456 reddere
1304 2395 1433 2455 Medeam
1450 2417 1486 2455 an
1502 2415 1611 2476 anceps
1624 2411 1743 2457 certamen

1003 2483 1100 2544 subire
1116 2485 1195 2544 velit.
1212 2490 1283 2544 Tum
1301 2485 1376 2543 inter
1391 2497 1547 2564 utrumque
1560 2487 1708 2546 exercitum
1718 2487 1744 2544 dc

1002 2573 1213 2652 compositione
1226 2585 1332 2631 actum.
1342 2571 1444 2632 Medea
1455 2585 1551 2632 autem
1564 2574 1658 2634 surore
1671 2577 1743 2634 corri-

1002 2663 1082 2741 pitur
1091 2706 1101 2737 ,
1111 2661 1192 2740 quod
1206 2665 1292 2721 Iason
1305 2661 1380 2720 irato
1393 2662 1469 2740 patri
1482 2682 1548 2721 eam
1560 2665 1621 2722 vult
1636 2663 1742 2732 reddere¹

1002 2764 1031 2810 et
1042 2751 1145 2810 deinde
1158 2750 1295 2826 placatur,
1310 2769 1483 2828 quamquam
1499 2749 1531 2810 id
1544 2752 1603 2810 alio
1619 2753 1697 2811 modo
1709 2753 1741 2811 ia·

1001 2851 1080 2898 ctum
1097 2857 1157 2898 esse
1168 2837 1302 2897 videatur
1317 2857 1401 2915 quam
1422 2840 1533 2916 legatur
1552 2839 1628 2919 apud
1642 2841 1741 2918 Apollo

1001 2929 1091 2989 nium.
1107 2927 1273 2986 Welclrerus
1288 2926 1398 2986 nullum
1414 2927 1500 2985 alium
1517 2927 1574 2986 nisi
1586 2933 1687 2988 AEetam
1706 2933 1742 2988 la-

1001 3017 1064 3076 soni
1080 3015 1248 3097 oppositum
1271 3015 1397 3093 ideoque
1419 3029 1621 3096 argumentum
1643 3031 1669 3076 et
1688 3038 1741 3097 gra-

999 3107 1065 3166 vius
1086 3118 1116 3164 et
1128 3103 1275 3164 difficilius
1292 3102 1398 3164 factum
1415 3124 1478 3164 esse
1492 3117 1586 3184 putat.

1038 3195 1143 3255 Nescio
1156 3213 1193 3252 an
1210 3192 1342 3270 dignitati
1353 3192 1469 3272 tragica
1480 3193 1624 3253 sufficiant
1634 3213 1691 3271 quae
1701 3213 1741 3252 ex·
1803 3207 1804 3222 ³

999 3282 1084 3362 posui
1104 3302 1140 3342 ex
1154 3280 1298 3342 Welekeri
1324 3281 1475 3340 sententia.
1503 3281 1580 3341 Illud
1606 3301 1670 3341 sane
1695 3301 1739 3339 non

999 3371 1186 3449 intelligitur,
1200 3367 1348 3447 quomodo
1363 3369 1470 3427 factum
1491 3371 1528 3428 sit
1543 3381 1577 3428 ut
1599 3369 1739 3448 persecutio

998 3466 1089 3520 AEetae
1104 3471 1135 3518 et
1147 3459 1230 3518 furor
1243 3456 1351 3518 Medeae
1364 3455 1626 3534 conjungerentur,
1638 3455 1683 3516 ubi
1701 3477 1739 3536 po·

998 3549 1056 3607 tius
1071 3548 1203 3608 timorem
1214 3545 1325 3606 Medeae
1336 3559 1496 3624 exspectes.
1510 3551 1613 3624 Neque
1623 3547 1678 3605 haec
1690 3547 1738 3623 ipsa

997 3639 1176 3698 conveniunt
1197 3636 1308 3698 Medeae
1336 3636 1467 3696 moribus
1490 3657 1565 3716 quos
1589 3637 1737 3698 Welciems

998 3730 1068 3790 tales
1084 3727 1170 3787 fuisse
1183 3727 1240 3801 ait,
1254 3738 1288 3784 ut
1305 3725 1354 3784 illa
1378 3726 1484 3784 amoris
1507 3745 1593 3784 eausa
1608 3726 1642 3784 ad
1661 3725 1736 3783 omnia

996 3817 1183 3897 perpetienda
1198 3826 1298 3894 parata
1309 3827 1392 3874 esset.
1410 3815 1545 3892 Denique
1567 3815 1734 3892 fragmentum

994 3919 1037 3966 est
1048 3905 1126 3986 apud
1139 3903 1429 3988 scholhpolloudll,
1441 3903 1510 3975 adt,
1527 3902 1606 3980 quod
1618 3921 1672 3961 non
1680 3919 1734 3959 con-

995 3995 1083 4054 veuit.
1095 3993 1192 4053 Verba
1205 3992 1267 4051 haee
1280 4004 1365 4051 sunt:
1381 3989 1464 4070 [tta]
1477 3987 1619 4058 Ἑκαταῖος
1634 3988 1659 4048 δὲ
1678 3991 1734 4046 iere·

995 4091 1033 4164 ριῑ
1049 4081 1086 4159 μὴ
1102 4079 1232 4141 ἕκδιδόναι
1244 4081 1278 4146 εἰς
1294 4077 1344 4151 τὴν
1362 4077 1496 4138 θάλασσαν
1513 4078 1557 4138 τὸν
1575 4079 1675 4151 Φᾶσιν,
1690 4073 1732 4134 οὐδ’

993 4174 1029 4238 ὡς
1049 4169 1092 4229 διὰ
1111 4170 1243 4237 Τανάϊδος
1262 4167 1412 4242 ἔπλευσαν,
1436 4167 1504 4226 ἀλλὰ
1524 4165 1595 4227 κατὰ
1614 4166 1654 4226 τὸν
1671 4163 1731 4223 αὐτόν

992 4261 1074 4319 πλοῦν
1088 4259 1147 4318 καθ’
1160 4257 1189 4318 ὃν
1202 4257 1247 4316 καὶ
1258 4256 1393 4339 πρότερον,
1405 4258 1439 4321 ὡς
1449 4257 1586 4336 Σοφοκλῆς
1598 4257 1624 4314 ἐν
1640 4251 1731 4316 Σκύθαις

991 4351 1098 4429 ἱστορεῖ.
1112 4345 1269 4426 Sophocles
1284 4345 1371 4424 igitur
1382 4345 1411 4403 in
1424 4347 1559 4424 tragedia
1572 4351 1731 4423 Argonauta-

993 4457 1056 4495 rum
1074 4435 1199 4495 reditum
1212 4433 1373 4514 descripsit,
1386 4432 1416 4492 id
1431 4433 1508 4512 quod
1523 4433 1577 4491 nisi
1590 4433 1618 4490 in
1632 4429 1729 4510 patriam

997 4525 1118 4585 reversis
1139 4523 1195 4583 illis
1218 4522 1279 4582 fieri
1299 4543 1357 4580 non
1377 4522 1493 4600 potuit,
1514 4521 1622 4581 etiamsi
1644 4523 1730 4577 Tomos

993 4615 1177 4694 appulerunt.
1189 4611 1332 4683 Quocirca
1343 4609 1486 4669 weicheri
1499 4609 1637 4668 sententia
1645 4607 1730 4683 impro

992 4703 1087 4763 banda
1103 4712 1154 4760 est.
1169 4699 1289 4760 Accedit
1302 4698 1382 4778 quod
1397 4699 1445 4756 illc
1459 4698 1540 4756 locus
1554 4699 1635 4756 etiarn
1644 4740 1652 4768 ,
1662 4709 1729 4769 qum

990 4795 1059 4853 citat
1072 4789 1213 4868 Pompeii,
1230 4788 1266 4846 ad
1279 4789 1448 4847 sententiam
1464 4786 1540 4845 illius
1554 4779 1729 4843 stabiliendam

175 4897 1716 4936 ww—*d

278 5047 405 5103 Proveuit
417 5045 508 5115 ardor,
521 4973 684 5104 hiienses
696 5046 785 5119 igniti.

577 5128 613 5182 Et
628 5127 741 5183 miratus
755 5139 828 5182 esses
915 5131 917 5136 '

207 5204 260 5262 hate
271 5201 443 5278 splendentes
455 5203 579 5260 flammas
591 5219 687 5261 aureas
696 5203 877 5277 conspicatus.

1059 5033 1157 5092 AEncis
1171 5031 1286 5090 auubus
1299 4956 1512 5088 eniiriinstructi

1202 5153 1228 5169 ..
1240 5153 1247 5168 .
1259 5112 1355 5169 efflant
1366 5126 1398 5169 ex
1412 5108 1602 5186 pulmonibus;

1059 5201 1155 5261 ardent
1167 5215 1231 5258 vcro
1243 5216 1321 5258 nares
1333 5207 1406 5257 ut...
