3680 5790
262 405 317 458 trs
808 385 1019 450 soefloctts
1040 385 1292 452 FRAGMENTA.

260 526 354 588 insula
365 526 421 586 Dia
438 524 555 585 sustulit
566 535 595 583 et
608 522 645 582 ad
662 520 814 599 Calliopen
834 533 961 580 matrem·
978 537 1026 579 re·
1080 521 1160 600 Fuga
1175 521 1279 582 deinde
1292 523 1362 602 quid
1378 523 1478 598 habet,
1499 531 1577 606 quod
1593 533 1717 612 tragedia
1730 539 1757 596 sir
1767 539 1792 599 dt.

260 617 398 696 portavit.
419 615 508 693 Cujus
531 611 670 674 beneficio
695 609 732 669 sd
752 629 880 670 sororem
898 608 1027 668 Medeam
1080 627 1186 684 guum,
1208 629 1296 689 quum
1323 612 1435 674 nollunt
1461 615 1568 676 fuctum
1591 625 1793 704 reperimusque

260 705 560 764 cstcommendatus.·
578 699 694 762 Pindari
705 697 1025 774 schol.Pyth.lV,288:
1081 696 1205 758 Phrixus
1222 700 1310 760 animi
1327 703 1464 762 virtutem
1481 706 1632 770 ostendat?
1643 714 1753 792 Denique
1762 719 1793 774 ni-

260 791 402 866 Ἐνακώθη
415 791 465 874 γὰρ
477 789 598 872 (Φρίξος)
613 785 655 848 διὸ
667 785 716 860 τὴν
728 783 856 869 μητρυιὰν
872 787 1026 869 ἐραοθιῑσον
1082 803 1145 842 rum
1158 800 1216 859 est,
1231 789 1311 866 quod
1324 789 1441 850 Pindari
1452 792 1607 854 scholiasta
1621 809 1793 862 novercante

260 883 337 943 αὐτοῦ
359 881 405 942 καὶ
428 877 603 950 decimitiis
626 874 695 936 aen
715 884 816 959 φυγεῖν.
836 874 945 948 Ταύτην
965 873 993 934 dl
1013 877 1027 933 ὁ
1081 873 1187 949 phelen
1202 895 1238 934 ex
1253 877 1429 940 Athamante
1444 881 1524 942 citat
1551 887 1663 956 Quaex
1677 909 1704 947 re
1718 893 1794 951 conde

259 969 390 1050 Πίνδαρος
405 971 431 1028 ἐν
449 967 538 1048 ὕμνοις
558 964 712 1046 Δημοδίκην
726 962 807 1046 φησὶ,
824 1005 871 1026 ...
889 965 1028 1046 Σοφοκλῆς
1081 958 1131 1020 (1θῦ
1155 975 1206 1022 ⁸1st
1237 965 1374 1025 Phrixum
1406 970 1573 1048 tragoediam
1604 975 1688 1035 fuisse
1708 979 1794 1054 ignotan

259 1059 286 1118 δὲ
301 1060 327 1117 ἐν
345 1057 488 1137 Ἀθάμαντι
512 1055 642 1138 Νεφέλην.
664 1055 771 1133 Hygia.
798 1058 829 1112 P.
851 1059 887 1114 A.
910 1058 949 1126 11,
970 1072 1026 1112 ao:
1080 1049 1242 1112 scholiastae
1268 1067 1319 1114 aut
1341 1073 1473 1116 noverca
1496 1061 1592 1120 nrrllas
1622 1079 1709 1141 partes
1731 1067 1751 1124 in
1768 1069 1794 1124 ih

258 1147 336 1207 «Atii
358 1147 460 1207 dicunt
473 1145 597 1206 Crethea
614 1157 644 1203 et
655 1143 858 1204 Athamantem
878 1162 944 1201 cum
965 1141 1027 1202 aliis
1081 1137 1179 1198 fuisse.
1204 1146 1306 1220 Neque
1328 1145 1404 1204 enirn
1425 1146 1565 1206 credibile
1588 1163 1632 1210 est
1651 1153 1703 1210 alio
1720 1159 1794 1212 nouus

258 1235 389 1315 pluribus
400 1235 475 1294 AEoli
488 1235 564 1292 filios
581 1233 678 1306 fuisse,
693 1231 826 1290 nonnulli
836 1231 923 1290 etiam
936 1231 1025 1290 Atha·
1080 1246 1145 1286 eam
1160 1249 1222 1288 csse
1236 1230 1422 1310 appellatam.
1447 1237 1594 1308 Quocirca
1609 1241 1700 1300 omnia
1715 1243 1795 1301 melon

258 1326 363 1384 mantis
381 1324 472 1382 filium
486 1324 625 1383 Salonam
645 1339 720 1394 esse,
739 1320 818 1381 AEoli
832 1333 967 1398 nepotem
979 1320 1025 1380 di·
1080 1313 1142 1375 fore
1160 1317 1263 1393 credo,
1285 1320 1311 1380 si
1333 1323 1508 1402 Sophoclem
1538 1341 1704 1405 postremam
1722 1347 1794 1409 purten

256 1427 372 1476 xerunt.
400 1413 524 1474 Crethea
552 1425 649 1472 nutem
680 1409 817 1470 habuisse
848 1410 1026 1470 Demodicen
1081 1403 1186 1464 fabulas
1206 1408 1237 1467 in
1260 1411 1400 1490 tragedia
1421 1417 1598 1493 expressisse
1614 1416 1795 1493 judicamuslr

258 1523 396 1577 uxorem,
421 1522 509 1582 quam
536 1501 585 1560 alii
609 1499 742 1561 Biadicen
765 1498 915 1564 dixerunt.
945 1503 1026 1559 Hanc
1080 1513 1125 1552 res
1140 1494 1203 1574 ipsa
1218 1498 1441 1578 estdignissinsa
1462 1505 1793 1587 tragoedia'reucroqucsi·

256 1605 353 1650 autem
368 1590 468 1650 Phrixi
480 1589 659 1650 Athamantis
672 1588 723 1648 lilii
738 1607 862 1668 corpore
877 1587 1025 1648 inductam
1080 1582 1209 1656 minima,
1225 1586 1375 1666 salumque
1389 1593 1567 1654 intervenire
1585 1596 1794 1659 ridemusetlfer-

256 1680 286 1740 iu
299 1699 427 1740 amorem
439 1677 574 1738 incidisse
588 1698 683 1758 neque
694 1677 731 1737 ab
744 1698 779 1738 eo
797 1690 827 1736 ut
841 1676 896 1737 sibi
911 1679 1025 1758 copiam
1079 1672 1207 1748 curium,
1225 1677 1276 1753 qui
1298 1677 1353 1736 nisi
1367 1699 1415 1740 res
1433 1680 1638 1760 flagitavisset,
1658 1707 1674 1745 a
1692 1687 1793 1746 veteribus

257 1768 379 1841 faceret,
402 1771 558 1848 impetrare
575 1769 713 1847 potuisse.
738 1772 840 1845 ltaque
863 1769 1026 1828 necessario
1078 1773 1138 1816 Ποῦ
1151 1773 1227 1844 ‘spei
1243 1763 1399 1824 adbibitus.
1424 1769 1549 1830 Phrixus
1571 1773 1659 1850 igitur
1673 1774 1699 1832 in
1714 1776 1793 1852 petrin

256 1870 385 1915 coactam
405 1856 554 1916 criminari
575 1876 641 1915 eum
661 1854 698 1913 ad
717 1855 873 1914 Cretheum
895 1859 1025 1934 coepisse,
1079 1865 1113 1904 ex
1139 1847 1197 1908 fato
1220 1872 1352 1914 reversus
1362 1872 1566 1936 argumentum
1587 1862 1671 1924 fixerit
1693 1864 1791 1942 nagelta

256 1943 335 2024 quod
356 1945 465 2006 diceret
483 1946 539 2004 rim
558 1943 615 2004 sibi
632 1963 706 2024 pene
727 1943 857 2017 allatam,
873 1955 902 2002 et
919 1943 1024 2004 horum
1078 1939 1274 2019 Mercuriique
1288 1959 1384 2023 partes
1398 1947 1458 2006 fere
1469 1947 1550 2024 tales,
1568 1953 1665 2029 quales
1677 1953 1792 2030 inPhrygi-

255 2032 360 2092 similia
397 2033 551 2093 mulierum
582 2031 792 2092 consuetudine
817 2029 932 2090 dixisse.
957 2036 1024 2105 Quo
1078 2021 1285 2108 busAEschytt.

256 2121 333 2179 facto
348 2121 479 2194 Crethea,
495 2135 528 2181 ut
541 2121 640 2182 uxoris
657 2135 802 2181 amantem
818 2132 848 2180 et
864 2140 959 2198 regem
975 2120 1023 2180 de·
1116 2118 1286 2195 Fragmenta
1300 2124 1383 2183 valde
1406 2125 1518 2186 incerta
1538 2143 1609 2189 sunt
1629 2144 1657 2190 et
1671 2129 1791 2204 terrigia-

256 2210 357 2286 cebnt,
374 2223 540 2288 permotum
561 2210 737 2284 Athamanti,
755 2222 787 2268 ut
808 2208 844 2270 de
860 2229 895 2268 eo
914 2212 1021 2290 suppli.
1078 2201 1131 2261 cile
1151 2215 1246 2266 manen
1266 2213 1464 2291 explicantur;
1483 2216 1620 2280 videntur
1636 2221 1704 2280 enim
1723 2218 1749 2278 ad
1761 2220 1792 2276 itu

255 2298 332 2356 cium
345 2311 480 2372 sumeret,
496 2298 679 2374 persuasisse.
693 2297 810 2358 Nubem
826 2311 922 2358 autem
935 2300 1024 2358 inter·
1077 2292 1177 2353 Phrixi
1197 2300 1351 2374 pertinere.
1370 2303 1533 2382 Stephanus
1554 2309 1585 2366 in
1599 2306 1690 2369 ''Aarm
1754 2329 1792 2386 ap

255 2386 367 2444 venisse
396 2399 425 2446 et
456 2400 588 2467 ereptum
613 2387 751 2447 Phrixum
776 2400 805 2446 et
830 2386 931 2446 Hellen
961 2387 1023 2465 ejus
1077 2379 1173 2450 ἄπιος·
1189 2382 1258 2445 eoru
1275 2386 1326 2472 γὰρ
1344 2389 1374 2450 τὸ
1394 2392 1507 2468 θηλυκὸν
1523 2397 1686 2478 εὑρίσκεται,
1706 2393 1791 2478 epneei

255 2463 382 2532 sororem
394 2475 424 2534 in
433 2477 551 2536 arietem
562 2475 737 2555 imposuisse
746 2487 777 2533 et
787 2494 841 2554 per
852 2475 1022 2555 Hellespon·
1075 2476 1121 2550 γῆ,
1137 2475 1163 2531 ἐν
1177 2475 1269 2559 Φρίξῳ
1284 2482 1462 2566 Σοφοκλέους

255 2578 327 2638 tum,
336 2585 422 2643 quam
430 2567 595 2644 longissime
606 2579 715 2645 posset,
725 2567 882 2650 profugere
886 2565 1021 2645 jussisse;

252 2653 355 2712 Hellen
373 2653 515 2714 decidisse
536 2667 565 2714 et
585 2653 627 2714 ibi
649 2652 780 2714 debitum
796 2666 907 2714 natiuae
922 2655 1021 2714 reddi-

254 2739 330 2800 disse
346 2755 424 2802 etex
441 2741 502 2822 ejus
518 2743 636 2803 nomine
655 2743 875 2822 Hellespontum
889 2744 1020 2822 appella·
1075 2739 1196 2794 Versum
1223 2746 1274 2794 ³¹11
1301 2735 1331 2794 5¹¹
1362 2737 1419 2797 fine
1442 2759 1548 2818 Ρθῐῑᾶῐΰ
1574 2741 1739 2812 Μῐΐὸῑῑῠῡῑῦν
1759 2759 1788 2816 qn

253 2841 324 2889 tum.
346 2832 485 2891 Phrixum
500 2832 626 2893 Colchos
643 2833 810 2912 pervenisse
837 2845 881 2907 et,
901 2844 934 2889 ut
955 2845 1022 2891 ante
1075 2823 1199 2883 Phrixus
1215 2824 1273 2884 iter
1290 2844 1374 2884 suum
1396 2832 1566 2907 exposuerit
1585 2845 1633 2892 aut
1654 2831 1732 2890 initio.
1745 2830 1788 2904 Eq-

252 2917 389 2993 diximus,
411 2921 509 2980 arietis
528 2922 672 2981 interfecti
687 2923 794 3004 pellem
808 2922 839 2980 in
861 2921 969 3000 templo
983 2919 1018 2980 fi-
1075 2913 1142 2971 m⁰l
1153 2913 1228 2974 Gud·
1240 2934 1268 2992 P·
1287 2911 1353 2987 330,
1368 2917 1414 2984 43·
1429 2919 1521 2988 Κνυζῶ
1534 2965 1541 2978 .
1556 2963 1583 2980 ..
1600 2923 1722 3001 Σοφοκλῆς
1732 2918 1788 2996 (lipia

253 3007 329 3064 xisse
340 3029 348 3063 s
361 3007 456 3084 ipsum
470 3021 568 3068 autem
583 3030 599 3068 a
611 3010 759 3070 Mercurio
773 3010 808 3069 ad
820 3009 1020 3069 Athamantem
1076 3001 1168 3076 [367]
1184 3000 1323 3074 exorato
1337 3001 1481 3085 ὶξὲπραξαν
1494 3006 1788 3086 κνυζούμενον.ι1)οονου

252 3112 315 3152 esse
331 3094 500 3169 reductum,
518 3098 568 3175 qui
586 3099 663 3176 patri
678 3097 739 3174 ejus
753 3099 933 3170 satisfecerit,
954 3118 1020 3158 eum
1074 3087 1235 3170 ἕσπᾶραξαν·
1267 3091 1453 3154 Bl⁰¹¹¹fieid¹1⁵
1477 3123 1489 3147 ‘¹
1505 3097 1625 3170 Κυνηδῦ*
1644 3093 1787 3175 iiixptittit'

251 3183 417 3244 innocentia
432 3185 573 3244 conlisum
587 3186 777 3264 profugisse.»
798 3190 867 3244 Haec
879 3187 1018 3265 Hyginus.
1063 3175 1277 3258 ,ttrioiperocr
1303 3178 1348 3239 Ad
1375 3183 1500 3260 Scyllam
1530 3185 1651 3244 referam
1673 3186 1711 3242 rel
1731 3181 1788 3240 sinilr

249 3276 317 3334 Non
334 3272 431 3331 omnia
445 3271 704 3352 descripsissemus,
714 3274 769 3333 nisi
783 3273 951 3332 Welclerus
965 3273 1020 3332 hoc
1075 3279 1244 3341 monstrum,
1258 3267 1294 3327 ad
1308 3270 1386 3348 quod
1399 3272 1524 3332 Phrixus
1538 3276 1702 3353 pervenerit
1719 3273 1787 3332 Attia-

249 3362 347 3442 ipsum
372 3363 518 3440 tragoedia
541 3375 743 3442 argumentum
767 3363 856 3422 fuisse
881 3377 1018 3438 censeret,
1074 3355 1167 3414 ficiste
1195 3377 1224 3435 p·
1256 3358 1303 3432 83,
1319 3360 1356 3417 23
1380 3380 1388 3416 ι
1409 3359 1668 3446 [Antibacchias
1694 3359 1787 3442 Σοφοὼ,

249 3449 332 3527 cujus
359 3451 383 3510 si
408 3449 540 3530 quaedam
561 3453 619 3510 sint
645 3451 675 3510 in
701 3452 801 3524 exitu,
833 3471 896 3530 quae
924 3453 1018 3512 minus
1073 3449 1175 3533 Φρίξῳ.
1187 3455 1250 3512 Hoc
1261 3473 1383 3532 prorsus
1394 3457 1537 3518 incertum
1553 3473 1596 3520 est
1606 3460 1672 3539 quid
1684 3457 1786 3538 significet

249 3540 442 3612 conveniant,
477 3541 539 3600 baec
562 3541 682 3600 oraculo
708 3541 791 3600 facile
819 3541 938 3619 praedici
967 3561 1019 3620 po·
1399 3593 1510 3612 ...-

249 3628 337 3688 tuisse
353 3642 446 3709 putat.
460 3628 573 3690 Deinde
590 3629 776 3690 memorabile
791 3649 853 3688 esse
873 3631 926 3703 ait,
943 3650 1018 3709 quo·
1089 3663 1097 3678 .

249 3717 337 3776 modo
351 3731 439 3797 poeta
452 3718 498 3778 bis
514 3719 637 3778 eandem
651 3739 761 3778 remex
776 3717 892 3778 diversa
906 3739 1016 3778 memo·
1356 3683 1555 3752 ATHAMAS·

248 3807 289 3866 ria
305 3806 446 3886 planeque
460 3807 517 3866 alio
531 3808 663 3867 instituto
675 3808 855 3886 consilioque
873 3809 1013 3868 tractarit.
1062 3847 1066 3856 -
1110 3810 1190 3864 Duas
1207 3803 1318 3864 fabulas
1342 3807 1433 3867 edidit
1451 3810 1633 3868 Athamantis
1651 3808 1745 3868 nominc
1757 3805 1785 3862 iu·

247 3899 280 3954 ln
299 3896 347 3953 illa
370 3897 448 3954 enim
470 3895 616 3975 tragoedia,
643 3917 708 3974 quae
730 3897 854 3955 Phrixus
877 3897 1017 3977 inscripta
1070 3895 1202 3973 scriptas.
1222 3900 1289 3954 Non
1303 3896 1397 3954 solum
1419 3897 1496 3956 enim
1512 3899 1668 3975 Hesychius
1688 3915 1724 3954 eas
1740 3893 1782 3950 citat

247 3983 298 4058 sit,
313 3985 462 4044 innocenti
482 3986 659 4045 adolescenti
673 3986 793 4044 salutem
808 3985 905 4043 afferri
929 4004 1013 4044 eum·
1070 3983 1191 4061 adjectis
1205 3983 1309 4042 litteris
1325 3982 1351 4040 α’
1361 3997 1390 4044 et
1400 3981 1434 4063 β’,
1446 3986 1497 4044 sed
1512 3987 1599 4045 etiam
1611 3985 1736 4044 scholiasta
1747 3980 1783 4037 tri
1801 4035 1802 4052 φ

246 4091 305 4151 que
325 4073 409 4131 altius
430 4073 528 4148 evehi,
543 4073 732 4152 fraudemque
753 4093 887 4132 novercae
910 4075 1015 4153 detegi,
1069 4073 1222 4152 stophanis
1248 4072 1284 4132 ad
1313 4071 1390 4132 Nub.
1423 4074 1479 4147 257
1507 4071 1551 4134 cir
1574 4073 1655 4155 ἕτερον
1676 4069 1781 4147 Ἀθάμαντι

247 4159 278 4218 in
291 4161 465 4220 Athamante
480 4165 616 4241 tragoedia
628 4183 681 4242 per
694 4167 747 4222 Ino
761 4179 916 4221 novercam
926 4163 1014 4222 Phri-
1068 4173 1285 4232 commemorat,
1298 4181 1358 4239 quo
1373 4163 1442 4222 satis
1453 4162 1604 4224 evidenter
1616 4161 1747 4222 ostenditur
1757 4157 1781 4211 al·

247 4269 317 4308 xum
332 4262 362 4308 et
377 4250 479 4310 Hellen
493 4263 521 4310 et
537 4253 594 4311 illis
608 4254 728 4312 servatis
741 4272 758 4309 a
771 4252 903 4332 Nephele
920 4253 1013 4312 Atha·
1069 4263 1159 4310 teram
1170 4250 1313 4310 exstitisse
1329 4251 1495 4329 tragoediam
1510 4272 1604 4330 neque
1624 4249 1728 4327 ejusdem
1743 4257 1780 4300 m·

247 4351 372 4398 mantem
385 4338 421 4396 ad
430 4339 588 4418 perniciem
601 4340 735 4419 protrudi
744 4341 794 4399 ait.
1068 4339 1167 4416 gordiae
1189 4341 1344 4400 secundam
1377 4341 1576 4400 recensionem
1602 4341 1687 4399 fuisse.
1707 4341 1778 4394 Onaso

288 4431 358 4502 Qua
369 4447 547 4507 quamquam
562 4441 593 4488 et
603 4427 747 4488 subtiliter
758 4441 787 4488 et
804 4428 934 4506 speciose
952 4428 1013 4488 dis·
1066 4429 1155 4506 igitur
1174 4429 1347 4507 interpretes
1366 4447 1540 4507 quamquam
1559 4431 1595 4490 dc
1612 4419 1777 4507 argumentum

245 4529 347 4598 putata
369 4530 446 4590 sunt,
468 4531 565 4577 tamen
580 4517 677 4576 omnia
693 4529 760 4576 suut
779 4515 865 4576 valde
879 4515 1013 4596 ambigua
1067 4516 1196 4576 diversas
1215 4531 1310 4595 partes
1328 4515 1474 4592 abierunt,
1485 4516 1558 4578 duas
1571 4531 1659 4578 tamen
1672 4509 1776 4590 tragedi&

170 4631 173 4636 Δ
245 4618 275 4666 et
286 4605 405 4666 incerta.
421 4611 457 4666 Et
470 4607 544 4666 illud
558 4607 666 4685 ipsum,
682 4605 763 4685 quod
784 4605 893 4665 oraculi
905 4607 1013 4684 praedi-
1065 4626 1081 4666 a
1097 4606 1242 4686 Sophocle
1261 4607 1383 4685 scriptas
1401 4625 1460 4664 uno
1485 4627 1625 4667 consensu
1643 4607 1775 4663 censuerunt·

244 4707 323 4753 ctum
335 4715 397 4755 esse
408 4696 470 4755 vult
479 4739 489 4767 ,
506 4697 625 4775 gravius
641 4707 684 4755 est
702 4708 835 4773 quarunt
849 4693 922 4754 adeo
945 4694 1012 4754 obi·
1065 4700 1162 4773 Atque
1180 4694 1338 4773 fragmenta
1354 4692 1440 4753 etiam
1459 4708 1540 4769 suot,
1557 4695 1657 4776 quibus
1670 4685 1774 4750 tiresias

245 4794 290 4842 ter
303 4784 373 4843 addi
389 4786 527 4863 potuerit.
548 4785 660 4845 Deinde
679 4785 808 4853 mireris,
823 4804 887 4862 quae
906 4783 1012 4861 reliqui
1065 4784 1215 4860 utriusque
1229 4781 1375 4860 tragoediae
1387 4783 1481 4842 evinci
1497 4796 1600 4862 potest.

243 4871 401 4949 scriptores
421 4875 574 4952 negligant,
598 4895 631 4941 ea
650 4877 713 4953 ipsa
728 4872 795 4932 addi
820 4872 856 4931 ab
879 4873 995 4950 Hygino
1002 4895 1010 4945 ;
1104 4870 1264 4930 Videndum
1276 4883 1319 4930 est
1332 4872 1422 4950 igitur
1435 4872 1504 4951 quid
1519 4873 1661 4949 utriusque
1674 4857 1773 4953 uagoeiif
1798 4917 1799 4932 .

244 4958 405 5036 Sophocles
417 4975 512 5020 autem
526 4963 681 5041 singularia
696 4962 836 5041 aucupari
851 4981 910 5020 non
927 4961 1008 5019 solet.
1066 4973 1267 5038 argumentum
1289 4961 1385 5020 fuerit.
1405 4965 1472 5036 Quo
1492 4960 1571 5020 ducit
1588 4957 1718 5019 scholiasta
1729 4953 1772 5006 ΑΠ’

242 5060 1773 5096 W

1019 5133 1081 5186 366.
1797 5135 1798 5148 ’

773 5218 894 5275 Termini
906 5219 955 5276 ria
968 5217 1049 5291 hujus
1063 5227 1144 5275 terrae
1155 5217 1330 5275 suburbana.

1076 2607 1158 2697 [³66]
1176 2593 1255 2700 ὅρια
1267 2612 1406 2680 κελεύθου
1423 2609 1519 2691 τῆσδε
1532 2629 1590 2714 γῆς
1608 2617 1758 2711 προαστίας.
