3650 5798
197 481 255 535 25⁰
746 457 956 524 soeuoctts
977 458 1228 524 FRAGMENTA.

197 602 265 680 cst),
287 601 407 658 multum
428 595 578 656 recessisse
599 593 638 654 ab
655 593 690 652 iis
715 612 779 671 quae
803 589 956 671 Euripides
1009 593 1087 652 Paris
1101 609 1189 671 esset,
1204 599 1304 660 saltem
1318 621 1393 682 opus
1407 623 1465 664 uon
1481 606 1535 666 luit
1547 611 1681 673 vaticinio
1694 619 1749 678 ers-

197 687 322 768 scripsit.
335 692 442 744 Verum
457 705 515 743 non
527 681 694 762 negligenda
705 693 772 740 sunt
783 723 792 758 ,
804 701 866 758 quae
878 679 957 759 apud
1008 681 1138 760 sandrae,
1155 687 1235 765 quod
1251 688 1319 750 ideo
1328 691 1453 752 sortasse
1464 697 1622 775 Euripides
1635 702 1688 760 alio
1699 704 1748 764 1000

196 777 327 838 Seruium
337 771 625 852 legunturadAEn.V,
637 767 958 844 monstruosiorem
1009 772 1123 846 posuit,
1135 775 1203 852 quia
1215 777 1258 836 uti
1268 797 1303 838 eo
1313 779 1342 838 in
1355 784 1538 859 agnoscendo
1549 788 1652 848 Paride
1665 792 1748 851 noluit,

198 863 357 924 secundum
372 862 477 922 Troica
493 859 617 919 Neronis
632 858 802 918 fortissimus
816 857 871 916 fuit
885 857 958 916 adeo
1049 860 1080 918 Si
1098 862 1256 940 fragmenta
1273 869 1417 946 tragoediae
1432 873 1519 948 paulo
1540 879 1697 937 accuratius
1708 899 1748 938 er-

198 964 229 1012 ut
240 954 269 1012 in
285 949 372 1027 Troja
382 949 496 1028 agonali
504 947 660 1006 certamine
674 957 823 1026 superaret
835 963 934 1004 omnes
949 986 958 1017 ,
1009 945 1181 1024 plorantur,
1195 954 1325 1032 quaedam
1340 957 1475 1017 videntur
1489 960 1619 1022 indicare
1638 966 1750 1027 Paridem

197 1040 291 1118 ipsum
303 1041 388 1097 etiam
403 1041 556 1096 Hectorem
568 1057 575 1092 ι
589 1035 640 1114 qui
650 1054 739 1116 quum
751 1035 839 1093 iratus
851 1033 882 1092 in
892 1052 957 1091 eum
1009 1051 1200 1114 conquestum
1215 1061 1276 1102 esse
1291 1043 1328 1102 de
1347 1057 1430 1106 tauro
1447 1061 1532 1127 rapto
1548 1063 1579 1109 et
1596 1054 1736 1114 certamine

196 1130 350 1206 stringeret
368 1125 513 1206 gladium,
531 1123 605 1182 dixit
627 1143 657 1182 se
670 1142 731 1182 esse
749 1141 914 1200 gemaanum
929 1133 959 1178 et
1010 1125 1087 1200 quod
1111 1126 1272 1190 insecutum
1296 1133 1341 1192 sit.
1365 1137 1428 1194 Huc
1445 1138 1594 1199 retulerim
1620 1161 1680 1220 quae
1699 1099 1750 1202 Ste1

196 1216 289 1275 allatis
310 1213 477 1294 crepundiis
489 1211 641 1292 probarit,
664 1211 715 1289 qui
735 1209 836 1269 habitu
857 1209 957 1268 rustici
1010 1211 1124 1288 phanus
1137 1215 1226 1275 habet
1240 1217 1269 1277 in
1282 1215 1421 1286 'Annam
1433 1223 1486 1284 dard
1500 1231 1546 1285 ταῦ
1563 1229 1645 1295 ἀστὸς
1655 1228 1682 1288 τὸ
1692 1229 1750 1290 emt

196 1305 290 1363 adhuc
304 1303 447 1364 latebat.»
469 1301 584 1373 Quibus
605 1299 742 1358 convenit
758 1319 859 1358 versus
881 1295 958 1377 apud
1008 1322 1064 1373 της.
1080 1303 1145 1384 zap.
1162 1304 1336 1390 Ἀλεξάνδρῳ·

195 1391 333 1452 Ovidium
348 1395 417 1452 ller.
437 1393 587 1465 XV1,9o:
602 1389 726 1465 rhegius
746 1405 888 1466 agnoscor
905 1405 958 1464 per
1128 1445 1137 1466 .
1190 1441 1200 1466 ,
1355 1442 1364 1470 s

197 1492 258 1538 rata
275 1479 357 1556 signa
377 1497 480 1558 puer.»
493 1477 569 1550 Quid
583 1477 695 1535 multa?
710 1474 873 1536 Mirandum
892 1486 957 1550 est,
1035 1444 1079 1528 [¹]
1095 1448 1141 1512 0⁰
1158 1467 1215 1538 7²?
1229 1469 1261 1514 τι
1276 1444 1372 1539 ⁰le
1388 1453 1482 1515 τοῖσι*
1496 1449 1640 1532 Philisti(
1654 1456 1750 1546 rspe'ru·

196 1567 276 1645 quod
291 1567 373 1645 sigua
384 1567 438 1625 ista
454 1565 532 1644 apud
547 1565 701 1643 scriptores
715 1568 862 1622 Romanos
874 1582 958 1640 repe·
1008 1563 1072 1641 sel,

196 1657 322 1718 ciuntur.
339 1655 480 1733 conjicias
494 1675 528 1714 ea
548 1656 674 1734 primum
691 1654 823 1734 Euripidi
839 1652 956 1728 deberi,

196 1743 301 1802 deinde
313 1741 350 1802 ab
362 1743 458 1804 Ennio
475 1755 590 1821 recepta
607 1755 694 1822 atque
708 1741 750 1800 ita
764 1762 825 1801 esse
839 1741 875 1802 ad
890 1741 958 1800 reli-

196 1850 270 1910 quos
282 1831 440 1910 scriptores
452 1843 621 1912 propagata.
635 1837 676 1891 Ac
688 1842 755 1890 sunt
770 1831 817 1890 illa
834 1849 959 1910 crepun-
1009 1841 1068 1882 non
1081 1835 1199 1904 putasse
1211 1821 1260 1896 ait,
1273 1821 1324 1899 qui
1336 1821 1410 1882 adeo
1422 1821 1500 1902 leges
1515 1825 1644 1902 migrare
1654 1825 1750 1883 soleant

195 1917 245 1977 dia
258 1916 424 1996 ejusmodi,
437 1931 471 1978 ut
485 1918 567 1978 facile
583 1917 729 1978 adscribas
742 1917 886 1998 Euripidi,
899 1937 958 1997 quo
1009 1913 1061 1971 llis
1075 1909 1247 1970 satellitibus
1270 1910 1406 1969 convenit
1427 1909 1623 1990 fragmentum
1639 1915 1667 1972 in
1680 1915 1749 1974 tett.

195 2025 282 2066 nemo
295 2008 400 2087 saepius
413 2005 449 2065 iis
462 2026 531 2066 usus
544 2018 595 2066 est.
1008 1999 1165 2061 Aneedotis
1180 2019 1209 2080 p.
1228 2001 1295 2073 343,
1314 2018 1360 2072 rr,
1375 1999 1418 2078 [t]
1434 1999 1657 2080 ndlmdgupeen
1668 2003 1699 2068 ὡς
1710 2003 1751 2061 Σι-

235 2098 308 2168 Quae
328 2095 512 2173 exposuimus
529 2095 552 2153 si
576 2113 594 2154 a
616 2094 737 2152 veritate
759 2113 817 2152 non
839 2114 957 2173 prorsus
1008 2089 1114 2170 φακλῆς.
1126 2093 1169 2148 Dc
1183 2085 1302 2165 reliquis
1312 2087 1478 2166 fragmentis
1491 2090 1551 2148 sere
1563 2091 1640 2149 nihil
1654 2091 1750 2168 diripe

194 2179 371 2256 abhorrent,
393 2193 617 2242 consentaneum
645 2181 761 2239 videtur
787 2180 956 2259 mythogra-
1009 2189 1074 2238 test.
1090 2175 1177 2250 Quod
1193 2187 1237 2234 est
1254 2173 1332 2252 apud
1358 2175 1580 2236 Antiatticistam
1604 2179 1715 2236 Beldreri
1729 2197 1750 2256 p.

194 2261 270 2347 phos
282 2269 428 2348 Hyginum
436 2281 465 2328 et
476 2268 687 2348 Apollodorum
700 2289 751 2328 sua
760 2288 819 2327 non
828 2267 865 2328 ab
874 2271 957 2329 Euri·
1012 2267 1085 2340 roll,
1101 2267 1135 2327 31
1155 2263 1237 2344 (coll.
1261 2262 1367 2322 Pbotio
1381 2255 1411 2342 p.
1427 2284 1498 2338 apa,
1520 2286 1576 2345 17,
1600 2277 1629 2324 et
1648 2263 1750 2345 Sbide),

194 2355 264 2434 pide
275 2358 431 2436 accepisse,
445 2357 496 2416 sed
509 2358 616 2417 referre
629 2356 793 2435 antiquiora
814 2357 911 2437 potius
929 2371 958 2418 et
1009 2353 1052 2433 [t]
1070 2349 1272 2432 ιμαιιύτριανν
1292 2349 1350 2410 ἀντὶ
1368 2355 1413 2410 eet
1439 2360 1540 2430 μαῖαν,
1561 2353 1749 2412 vindicaverim

195 2441 316 2505 fortasse
329 2465 362 2505 ea
378 2446 440 2524 ipsa
455 2465 520 2526 quae
535 2445 673 2524 Sophocli
693 2443 866 2506 vindicanda
880 2459 955 2508 sunt.
1010 2441 1126 2519 partui,
1147 2459 1206 2519 quo
1224 2437 1305 2498 Paris
1323 2436 1355 2496 in
1369 2437 1462 2498 lucem
1481 2439 1576 2499 editus
1598 2442 1654 2515 sit,
1670 2459 1750 2499 rerum

194 2531 279 2606 Quod
302 2533 334 2592 fir
356 2531 536 2612 probabilius
563 2533 735 2592 auctoritate
757 2533 956 2612 Asclepiadis,
1008 2529 1150 2591 incertum
1164 2539 1217 2606 est,
1231 2525 1437 2605 uum'yerbuna
1451 2527 1509 2608 ipsi
1523 2529 1622 2588 Paridi
1639 2529 1750 2588 tribuen-

194 2619 245 2698 qui
257 2641 432 2701 quamquam
444 2642 536 2701 pauca
545 2621 642 2700 habet,
657 2633 825 2681 tamencum
839 2623 873 2680 iis
884 2641 956 2682 con·
1009 2619 1078 2676 dum
1094 2619 1131 2677 sit
1145 2637 1180 2676 an
1192 2615 1316 2692 Priamo,
1330 2616 1374 2676 vel
1384 2615 1562 2690 Cassandrae,
1576 2618 1622 2678 rel
1636 2615 1748 2677 llecube.

194 2708 285 2768 ciliari
299 2729 359 2767 non
377 2722 488 2788 potest,
503 2730 567 2788 quae
581 2730 668 2790 supra
689 2729 725 2769 ex
739 2708 886 2789 Euripidis
904 2729 957 2769 au·
1007 2705 1091 2766 Aliud
1116 2717 1212 2766 autem
1229 2705 1420 2783 fragmentum
1436 2706 1588 2784 Hesychii,
1599 2703 1647 2789 [5]
1666 2703 1751 2777 ‹tell-

193 2798 328 2858 ctoritate
342 2799 503 2859 retulimus.
889 2843 892 2851 .
1008 2816 1100 2873 arpen,
1113 2791 1242 2876 nepopis·
1264 2791 1320 2852 lost
1344 2789 1371 2851 dl
1392 2791 1490 2854 Ἰακόν.
1509 2795 1577 2876 Pop.
1592 2791 1750 2872 Ἀλεξάνδρῳ,

232 2886 386 2964 Tragoedia
399 2887 552 2966 Sophoclis
566 2901 661 2947 autem
672 2887 764 2966 qualis
779 2885 881 2960 luerit,
896 2907 955 2947 non
1007 2880 1112 2960 majore
1120 2881 1187 2960 jure
1201 2879 1297 2941 Paridi
1311 2879 1448 2941 tribuitur
1462 2883 1520 2941 sata
1532 2902 1587 2942 sua
1604 2881 1750 2962 exponenti·

193 2971 277 3031 facile
289 2974 355 3053 quis
372 2973 553 3034 divinaverit.
564 2974 688 3036 Videtur
708 2987 803 3033 tamen
823 2975 955 3035 nonnihil
1007 2969 1181 3048 intelligitur
1191 2982 1287 3028 aulem
1306 2987 1390 3045 urso,
1410 2991 1475 3048 ‹1¹1ae
1494 2991 1622 3049 puerum
1638 2970 1748 3029 nutriris

192 3061 289 3140 colligi
307 3079 393 3140 posse
411 3081 448 3120 ex
464 3063 570 3141 Hygini
586 3076 615 3121 et
631 3063 796 3141 Apollodori
811 3063 954 3139 verbis,a
1006 3059 1070 3118 Vita
1080 3057 1191 3118 Paridis
1205 3059 1280 3117 inter
1293 3070 1422 3138 pastores
1435 3059 1527 3138 qualis
1542 3060 1750 3133 suerit,indica·
1791 3069 1792 3072 ’

192 3147 299 3223 quibus
319 3148 478 3227 fragmenta
493 3148 636 3229 tragoedis
657 3169 716 3207 non
736 3148 890 3210 abhorrere
906 3155 954 3212 vi·
1006 3161 1054 3205 tur
1065 3150 1157 3225 glossa
1172 3146 1319 3224 Hesychii,
1333 3147 1376 3227 [s]
1388 3175 1400 3200 a
1413 3146 1548 3220 δύααυλος,
1563 3149 1748 3212 sterneham·
1791 3175 1792 3229 ν

191 3234 502 3298 dentur.1nstaurasse
522 3238 666 3296 Priamum
692 3238 839 3314 putareris
862 3253 955 3299 certa-
1005 3239 1038 3297 Σ.
1055 3235 1220 3318 Ἀλεξάνδρῳ.
1238 3242 1340 3315 Neque
1353 3237 1476 3296 alienum
1492 3237 1697 3317 videturquod
1708 3239 1748 3295 ha-

190 3323 268 3382 mina
290 3323 437 3401 funebria,
457 3324 563 3406 quibus
587 3325 668 3386 Paris
689 3323 826 3384 inductus
857 3348 952 3387 eoram
1004 3325 1074 3385 bent
1086 3325 1239 3385 scholiasta
1254 3325 1290 3385 ad
1305 3325 1386 3386 lliad.
1402 3329 1436 3396 E,
1460 3325 1517 3386 158
1541 3339 1571 3385 et
1592 3327 1713 3387 Eustath.
1724 3345 1746 3406 p.
1790 3377 1791 3399 ,

190 3412 307 3472 Priamo
335 3416 522 3494 apparuerit,
546 3427 579 3473 ut
609 3414 646 3473 de
671 3411 777 3491 injuria
797 3414 853 3475 sibi
877 3419 955 3477 illata
1006 3417 1074 3491 533,
1087 3411 1747 3500 4οετδπαρᾶΣαφοκλεῑένἌλεξάνδρῳ[7]«Σανί-

189 3516 361 3581 quereretur
384 3515 557 3585 taurumque
579 3515 731 3583 repeteret.
752 3510 952 3586 Quemquam
1003 3527 1059 3584 χων
1078 3501 1216 3584 ἀγρώστην
1238 3501 1341 3583 ὄχλον»
1356 3501 1513 3586 παρώνυμον
1535 3507 1603 3564 ἔστι.
1625 3511 1673 3565 Est
1694 3521 1746 3562 sero
1789 3553 1790 3569 ν

190 3590 345 3670 impetrare
363 3613 422 3651 non
446 3605 562 3673 posset,
584 3594 698 3653 Priamo
722 3595 901 3674 inspectante
923 3597 952 3655 in
1004 3591 1213 3671 perobscurum
1235 3591 1306 3673 quid
1340 3592 1490 3670 significet.
1523 3595 1651 3653 Videtur
1681 3591 1746 3651 chori

188 3697 304 3739 arenam
316 3679 497 3741 descendisse
511 3701 669 3760 omnesque
681 3683 794 3742 vicisse.
809 3687 872 3758 Qua
885 3686 954 3744 Dei·
1005 3682 1101 3760 scrisse,
1114 3679 1191 3759 quod
1204 3681 1369 3758 Stephanus
1383 3682 1509 3740 servavit
1522 3701 1549 3741 ν.
1572 3677 1685 3763 Ἔφεσος
1697 3677 1745 3742 :Ta
1788 3719 1789 3724 κ

189 3767 304 3846 phebus
319 3770 478 3848 ignominia
490 3783 607 3851 accepta
618 3772 648 3829 in
660 3773 855 3852 peregrinum,
865 3794 950 3852 quem
1003 3768 1102 3828 ἐθνικὸν
1115 3766 1254 3852 Ἐφέσιος·
1275 3765 1382 3849 εὕρηται
1403 3769 1447 3828 καὶ
1462 3769 1504 3850 [8]
1523 3796 1535 3823 ι
1551 3769 1677 3854 'Epe'sem
1690 3799 1700 3820 ι
1713 3765 1745 3826 ld

188 3874 248 3913 non
261 3857 360 3930 norit,
377 3858 474 3936 gladio
494 3859 596 3934 irruit,
616 3858 665 3919 sed
686 3872 831 3919 retentum
848 3882 909 3921 esse
923 3877 951 3920 et
1002 3856 1155 3941 διαλόγγαν·
1169 3855 1238 3917 οὕτω
1250 3855 1301 3938 γὰρ
1315 3857 1342 3916 ἐν
1354 3855 1512 3940 Ἀλεξάνδρῳ
1525 3859 1669 3941 Σοφοκλῆς.
1682 3854 1744 3930 Quid
1787 3871 1788 3911 l

187 3945 267 4022 quod
287 3947 365 4005 Paris
383 3948 412 4006 in
429 3967 509 4007 aram
530 3950 609 4008 Joris
629 3950 733 4008 Hercei
746 3951 907 4029 profugerit
922 3965 951 4011 et
1001 3947 1161 4026 significet,
1183 3943 1338 4005 obscurum
1362 3959 1429 4019 est,
1455 3948 1511 4006 nisi
1541 3949 1617 4007 sorte
1642 3945 1743 4024 magos
1784 3963 1787 4081 p

187 4031 268 4109 quod
297 4035 462 4094 Cassandrae
481 4037 614 4096 vaticinia
638 4037 859 4099 intercesserint.
886 4044 950 4100 Hoc
1002 4035 1194 4115 Ephesiorum
1208 4034 1304 4094 literas
1319 4034 1477 4114 intelligas,
1493 4055 1563 4114 quas
1579 4036 1743 4116 quiachorus

187 4119 275 4178 etiam
284 4123 401 4180 Proclus
413 4125 559 4183 memoriae
572 4125 710 4203 prodidit,
725 4125 770 4186 rel
787 4127 950 4211 Κασσάνδρα
1000 4146 1058 4184 non
1071 4123 1269 4202 intelligebat,
1281 4124 1366 4184 alieni
1383 4144 1470 4204 opem
1487 4125 1643 4188 desiderat.

1087 1671 1130 1762 [²]
1145 1689 1265 1779 Βοτῆρα
1277 1687 1361 1753 νικᾶν
1378 1681 1491 1784 ἄνδρας
1508 1689 1652 1778 siccisne,

186 4206 247 4290 περὶ
265 4210 318 4267 τῶν
331 4209 478 4290 μελλόντων
492 4213 629 4292 προδηλοῖ.
652 4218 756 4273 Procul
769 4214 858 4274 dubio
875 4217 951 4276 iuter
1040 4211 1208 4274 Cassandrae
1222 4211 1390 4272 vaticinium
1407 4214 1528 4272 sortasse
1542 4213 1578 4273 ad
1596 4215 1677 4274 linem
1695 4224 1741 4270 trt-
1784 4267 1785 4270 ,

186 4315 325 4374 personas
339 4297 418 4357 tuere
432 4311 537 4378 praeter
547 4300 689 4360 Priamum
702 4303 874 4376 Alexander,
885 4306 951 4364 Dei·
1000 4302 1100 4379 gediae
1114 4300 1353 4361 fuitllenovavit
1368 4314 1465 4361 autern
1483 4303 1530 4360 illa
1552 4313 1676 4361 veterem
1695 4317 1741 4356 rne-

185 4383 319 4462 phebus,
334 4384 452 4446 Hecuba
464 4401 493 4446 et
506 4389 670 4449 Cassandra.
688 4391 743 4450 lies
762 4391 839 4470 ipsas
855 4391 949 4470 Trojae
999 4396 1125 4464 mortam,
1139 4387 1182 4472 [9]
1198 4388 1342 4466 «prelatus
1356 4389 1404 4464 ele
1419 4390 1537 4468 μνήμην.
1546 4392 1578 4451 Σ.
1593 4387 1739 4466 Ἀλεξάνδρῳ,

185 4473 230 4550 agi
255 4473 373 4533 videtur
385 4488 473 4553 poeta
490 4475 590 4535 iecisse
598 4490 627 4536 et
635 4478 712 4556 quod
727 4479 887 4538 Cassandra
900 4481 948 4538 in-
998 4478 1141 4538 Antiattic.
1150 4499 1179 4558 p.
1196 4499 1260 4553 ιον,
1274 4479 1323 4537 25.
1335 4479 1429 4560 (Cous.
1440 4478 1575 4539 Photium
1584 4501 1614 4559 p.
1627 4498 1690 4553 apa,
1703 4493 1738 4548 ις,

186 4562 949 4648 terluitetquodParisinaramJovisllerceiconlugit,
998 4565 1657 4648 etSuidam.)Nequeimprobabilecrediderim
1668 4563 1739 4624 multa

184 4667 249 4725 quae
269 4651 326 4710 alio
352 4653 418 4711 loco
441 4654 497 4712 nisi
520 4653 552 4714 iu
578 4653 652 4713 urhe
673 4673 735 4713 esse
756 4674 815 4713 non
842 4658 947 4738 potuit.
998 4677 1059 4717 esse
1074 4655 1737 4736 acassandraexposita,quibusneParidemn·

183 4736 295 4798 Chorus
313 4760 349 4799 ex
365 4740 477 4802 civibus
500 4743 664 4803 constitisse
684 4743 820 4818 videtur,
842 4744 947 4823 quibus
996 4745 1198 4826 ciperet,patri
1205 4743 1378 4825 persuadere
1389 4744 1546 4814 nitebatur,
1559 4765 1656 4804 verum
1667 4741 1735 4801 lideu

184 4827 263 4886 Paris
277 4849 335 4886 non
351 4831 446 4890 minus
462 4831 580 4910 ignotus
594 4832 743 4914 luitquam
757 4834 834 4911 patri
845 4847 875 4894 et
889 4835 948 4894 fra·
997 4855 1055 4893 non
1066 4833 1438 4912 lecisse,sedinvitas0rore
1450 4833 1529 4894 illum
1545 4835 1573 4892 in
1588 4835 1736 4892 domunrre

183 4911 286 4974 tribus.
298 4921 431 4978 Pastores
444 4919 571 4980 indicare
582 4921 693 4981 lucilius
705 4922 868 5000 potuissent
880 4925 945 5002 quis
968 4953 974 4992 ι
996 4923 1070 5001 giam
1084 4934 1232 5001 receptum
1246 4941 1318 4982 esse.
1330 4925 1374 4982 Ex
1386 4922 1503 4981 incertis
1515 4923 1676 5002 fragmentis
1688 4920 1735 4978 lor·

548 5160 574 5210 l.
1380 5198 1388 5213 .

182 5243 243 5302 Non
255 5241 327 5302 enim
339 5245 398 5304 ullo
412 5245 495 5306 modo
507 5247 610 5308 urbicis
622 5250 695 5326 leges
706 5253 882 5313 conveniunt.
987 5255 1092 5312 -Unum
1106 5261 1244 5332 pastorem
1256 5164 1385 5330 superade
1398 5253 1469 5313 viros
1480 5255 1625 5314 urbicolas.
1661 5283 1678 5292 υ
