3656 5798
192 392 245 444 teo
579 470 584 478 ι
747 377 922 442 AESOEYLI
942 379 1189 449 FRAGMENTA.

189 533 234 572 aas
247 515 366 574 fuiasea
386 512 519 585 Bacchis,
540 531 605 590 qua
626 513 656 572 in
676 511 838 574 Cithaerone
851 524 949 572 monte
1032 516 1171 578 Νεανίσκοι
1184 522 1234 600 qui
1248 521 1364 600 fuerint,
1379 545 1479 604 magna
1490 541 1533 588 est
1547 543 1750 594 controuersia.
1817 511 1822 616 ί

188 602 267 680 orgia
276 600 464 662 celebrarunt.
480 606 522 662 Ut
537 602 614 662 enirn
627 601 768 661 Pentheus
784 602 815 662 in
828 603 876 662 illa
887 616 947 662 tra·
992 604 1158 666 Welclrerus
1171 614 1305 688 Satyros,
1320 633 1393 692 quos
1404 615 1440 674 ad
1455 615 1580 678 fabulam
1591 622 1750 698 Satyricaru

187 689 289 767 gordia,
300 690 340 749 ita
350 694 498 768 Lycurgus
511 690 542 749 in
557 689 751 750 Bassaridibus
770 711 881 770 poenam
892 691 947 750 sihi
992 696 1162 774 relegamus,
1174 703 1355 762 Hermannus
1369 705 1534 767 Edonorum
1547 710 1751 790 adolescentes,

186 777 313 837 debitam
325 790 494 838 consecutus
505 791 555 838 est.
570 785 615 838 De
624 780 830 858 compositione
844 793 947 858 1111301-
992 805 1064 863 quos
1077 789 1177 866 primae
1191 793 1335 870 uagoediae
1346 815 1533 886 rgservamus,
1547 801 1752 882 intelligendos

186 865 242 924 diae
252 866 320 924 nihil
331 909 338 939 ,
351 867 422 925 nihil
435 867 471 925 de
486 869 617 945 personis
632 880 751 927 constat.
767 871 867 947 Neque
878 889 947 928 vero
991 877 1173 938 existimavit.
1197 881 1297 954 Quid?
1319 898 1386 942 sunt
1403 886 1459 960 illi,
1481 888 1532 966 qui
1550 891 1656 948 Bacchi
1685 893 1752 953 festa

187 955 267 1014 facile
279 967 322 1012 est
335 955 501 1028 intellectu,
515 975 579 1033 quae
592 976 676 1018 carisa
693 957 799 1031 fuerit,
820 977 947 1016 curcum
991 965 1189 1041 celebrarunt,
1203 968 1283 1029 chori
1296 991 1333 1030 ex
1344 975 1443 1050 mystis
1459 979 1614 1056 compositi
1628 1000 1685 1038 nec
1696 980 1750 1054 alii,

186 1043 307 1120 Lycurgi
325 1062 405 1120 paena
428 1044 541 1122 Orphei
561 1064 656 1119 111015,
680 1065 744 1123 quse
764 1046 794 1103 in
813 1045 946 1124 tregoedia
990 1076 1075 1134 quam
1087 1058 1138 1133 qui
1149 1057 1268 1118 Athenis
1281 1062 1397 1121 fuerunt
1410 1065 1491 1122 chori
1511 1066 1620 1143 cyclici.

187 1143 407 1189 commemorata
431 1144 490 1200 esi,
514 1131 666 1209 conjuncta
688 1133 782 1192 suerii.
811 1134 857 1192 Ad
872 1134 947 1222 hunc
1029 1149 1175 1224 Per-pauca
1192 1149 1337 1226 tragoediae
1350 1165 1460 1212 servata
1479 1157 1629 1234 sunt,[19]
1644 1155 1749 1237 «Ἀραί-

185 1219 260 1276 enim
274 1218 422 1279 reserenda
436 1230 520 1292 sunt,
541 1239 604 1297 quae
618 1221 816 1280 Eratosthenis
830 1241 891 1280 esse
902 1223 946 1280 di·
990 1253 1070 1312 ρατον
1087 1234 1160 1312 λῆμα
1168 1261 1200 1309 ,ν
1221 1237 1376 1298 Mavortius
1396 1248 1524 1320 animus,
1554 1245 1635 1322 apud
1663 1247 1749 1324 llesy·
1820 1299 1821 1312 γ

185 1319 289 1364 cuntur
301 1326 364 1385 cap.
376 1315 411 1374 οἱ,
425 1330 431 1363 :
444 1307 506 1384 [16]
516 1304 758 1391 ὋςίὈρφιλιλτὸν
768 1307 945 1387 μίνΔιόνυσον
988 1319 1093 1390 chium,
1108 1323 1228 1384 fortasse
1240 1329 1364 1406 Lycurgi
1378 1342 1430 1405 est,
1446 1351 1505 1408 quo
1515 1333 1618 1392 Bacchi
1633 1335 1750 1394 victoria
1820 1327 1821 1330 ¹

184 1394 230 1453 οὐκ
243 1393 339 1472 ἐτίμα,
352 1395 396 1454 τὸν
412 1392 440 1452 δὲ
451 1390 545 1454 Ἥλιον
557 1395 679 1476 μέγιστον
691 1400 744 1458 τῶν
755 1401 820 1457 θεῶν
831 1397 944 1477 ivisti&
988 1422 1135 1487 augeatur.
1153 1414 1265 1476 Deinde
1277 1418 1341 1494 [20]
1352 1443 1364 1470 α
1375 1417 1531 1500 ἅφοίὸαντον
1544 1447 1557 1475 ι
1580 1423 1662 1500 apud
1683 1441 1750 1482 etin-

184 1473 261 1557 εἶναι,
270 1481 297 1542 ὃν
309 1482 353 1544 καὶ
361 1482 515 1544 Ἀπολλωνα
525 1484 743 1569 προσηγόρευσεν,
751 1488 944 1570 ίπιγειρόμινόι
988 1496 1068 1573 dem,
1079 1505 1260 1576 incepissem,
1268 1510 1431 1585 Lycurgum
1445 1508 1502 1567 dici
1514 1510 1631 1588 piaculo
1643 1515 1675 1573 in
1686 1515 1750 1574 Bac·

184 1591 212 1628 11
226 1573 272 1641 τῆς
283 1568 374 1638 νυκτὸς
385 1568 453 1632 κατὰ
465 1571 513 1646 τὴν
527 1573 634 1646 ἑωθινὴν
647 1573 690 1634 ful
700 1575 731 1635 τὸ
742 1574 797 1661 flos
808 1576 839 1636 τλ
850 1576 945 1636 xaiod-
987 1586 1073 1645 chum
1087 1593 1239 1652 commisso
1253 1594 1390 1654 credibile
1399 1609 1451 1656 est.

185 1679 261 1730 pavo
274 1660 410 1736 Παγγαῖον
423 1659 569 1743 προσέμενε
582 1658 627 1728 sis
641 1661 778 1738 ἀνατολὰς,
789 1663 832 1723 ἵνα
845 1661 889 1744 ἴλῃ
900 1661 943 1722 τὸν
1026 1675 1524 1761 Aliusversusestapudathenaum
1532 1693 1586 1766 xi,
1594 1711 1624 1769 p.
1640 1693 1750 1766 503,c:

183 1740 276 1804 Ἥλιον
282 1745 759 1834 πρῶτον.”ΟθενὸΔιόνυσοςόργιοθελς
767 1753 837 1834 αὐτῷ
844 1750 943 1835 ἔπεμψε

182 1829 229 1899 sic
241 1835 419 1916 Βασσαρίδας,
432 1833 467 1904 ὥς
477 1859 557 1919 φησιν
570 1837 701 1918 Αἰσχύλος
713 1843 728 1898 ὁ
740 1838 859 1913 ποιητλς,
876 1839 944 1900 afst—
1040 1817 1086 1892 [21
1091 1819 1103 1894 ]
1121 1817 1237 1908 Σαύίας
1252 1818 1433 1887 ὑποσκίοισιν
1450 1823 1480 1888 il
1500 1818 1701 1917 dumiiah

182 1939 223 1984 νες
233 1919 310 1978 αὐτὸν
319 1919 463 1982 διέσπασαν
473 1920 519 1982 καί
529 1920 564 1982 τὰ
573 1921 641 2001 μίλη
652 1923 785 2009 διέρριψαν
795 1926 876 2011 χωρίς
885 1926 943 1988 ἔνια·
986 1936 1127 2015 cujusvis
1139 1941 1224 2000 ullam
1235 1942 1499 2022 interpretationem
1510 1949 1650 2027 reperias,
1660 1968 1751 2026 neque

183 2027 251 2065 οσον·
266 2009 292 2065 αἱ
305 2005 333 2068 δὲ
348 2010 453 2069 Μοῦσαι
465 2016 658 2090 συναγαγοῦσαι
672 2011 769 2095 ἔθαψαν
782 2015 825 2074 ἐπὶ
837 2025 889 2083 τοῖς
901 2019 942 2076 λε·
987 2027 1073 2104 magis
1093 2031 1261 2089 sententiam
1283 2033 1383 2110 glossae
1406 2034 1483 2113 apud
1497 2036 1631 2095 Photium
1655 2057 1750 2106 eruas,

182 2092 299 2170 γομὲνοῑι
306 2096 468 2178 Aethiopus·
486 2102 586 2176 Neque
593 2100 676 2159 aliter
686 2103 817 2180 Hyginus
824 2105 854 2163 in
863 2110 941 2166 Ροθί·
986 2139 1072 2196 quam
1084 2120 1125 2178 sic
1134 2123 1258 2182 correxit
1269 2127 1450 2186 Hermannus
1467 2151 1475 2186 ι
1490 2123 1553 2212 [22]
1568 2127 1749 2208 ιόκτώπηχυί

182 2188 298 2241 Astron.
309 2189 347 2260 tt,
363 2205 378 2258 7
391 2209 397 2242 ι
411 2213 423 2236 ι
433 2186 488 2244 Sed
500 2199 532 2246 ut
541 2190 744 2250 Eratosthenes
757 2193 811 2266 ait,
822 2194 853 2252 in
865 2199 941 2254 Pan·
985 2205 1030 2265 ααλ
1038 2205 1198 2284 ὄκτώπονς,ι
1211 2210 1340 2292 Αἰσχύλος
1350 2214 1510 2286 Νεανίσκοις.
1523 2216 1659 2296 Φιλήμων
1674 2218 1747 2278 darri-

181 2289 243 2346 gaeo
258 2272 358 2331 sedens
369 2293 458 2350 quum
468 2287 554 2333 cantu
566 2275 764 2355 delectaretur,
776 2281 881 2341 dicitur
894 2284 942 2342 Li·
985 2315 1067 2354 πορν·

181 2355 234 2416 ber
243 2359 269 2417 ci
277 2358 416 2436 objecisse
424 2363 558 2436 Bacchas,
570 2385 634 2443 quae
645 2387 750 2445 corpus
761 2367 823 2447 ejus
835 2370 941 2430 discer-
1064 2411 1189 2494 Ποταμὸν
1202 2414 1391 2478 διαπέπλευκεν
1400 2418 1530 2486 ,mm
1543 2439 1550 2454 ,

181 2459 284 2522 pereat
296 2448 449 2509 interfecti.
465 2455 562 2512 Musas
574 2466 669 2514 autern
683 2457 801 2516 collecta
814 2458 941 2520 membra

180 2535 335 2613 sepullurae
348 2536 528 2600 mandasse„
984 2537 1044 2610 ἤτοί
1055 2541 1071 2598 ὅ
1083 2541 1205 2623 σκορπίος
1218 2547 1232 2602 d
1245 2544 1406 2620 ὂκτῶποίλςῆ
1418 2551 1432 2606 ὃ
1446 2547 1545 2630 μακρὸς
1560 2547 1630 2610 dtuli
1651 2553 1748 2611 ποδῶν.

219 2625 282 2680 Non
293 2635 383 2701 patet,
397 2625 492 2705 inquit
505 2632 696 2704 Hermannus,
712 2653 768 2710 qua
782 2634 818 2692 de
832 2654 863 2694 re
873 2637 940 2694 scri.
1023 2632 1057 2686 In
1069 2629 1148 2688 exitu
1161 2630 1264 2692 fabulas
1273 2653 1315 2705 ea,
1326 2655 1391 2712 quae
1403 2637 1570 2698 Plutarchus
1581 2639 1711 2698 serravit
1721 2640 1747 2696 in

143 2731 145 2734 ·
180 2723 260 2788 ptum
273 2712 368 2786 fuerit,
381 2715 460 2792 quod
473 2716 644 2778 Scholiastes
655 2721 791 2780 Nicandri
804 2722 839 2781 ad
851 2723 939 2783 Ther.
984 2716 1061 2776 libro
1071 2723 1115 2778 De
1128 2722 1150 2778 εί
1164 2722 1307 2802 Delphico
1319 2744 1348 2803 P·
1362 2727 1429 2801 3⁸9,
1444 2729 1478 2802 Α,
1492 2729 1663 2799 3120λοῐο
1683 2749 1745 2786 ⁰³¹¹·

180 2799 237 2855 288
254 2801 340 2860 affert
352 2824 360 2860 ς
374 2801 505 2882 &palm
519 2805 547 2863 δὲ
559 2811 576 2878 ἦ
587 2805 654 2876 λέξις
667 2807 743 2890 τρία·
758 2808 814 2868 ἔστι
825 2808 876 2894 γὰρ
889 2814 939 2894 ψο-
986 2817 1043 2864 tata
1056 2807 1235 2870 crediderim.
1258 2815 1330 2870 Sunt
1348 2826 1444 2871 antem
1463 2814 1540 2890 haec,
1559 2816 1743 2895 quemadmo·

178 2883 236 2944 ider
246 2884 277 2946 cd
291 2887 381 2966 μέλαν,
394 2889 424 2949 τὸ
436 2891 594 2968 caedendis,
605 2894 635 2954 τὸ
644 2895 776 2978 λαμπρόν.
791 2898 939 2980 Εὐφορίων,
983 2891 1051 2952 (lum
1066 2897 1119 2955 viri
1130 2896 1209 2958 docti
1221 2899 1439 2979 disposuerunt:
1818 2927 1819 3002 γ

181 2975 216 3033 Ἥ
226 2974 324 3049 Αἴτνην
333 2977 488 3060 ψολόεοσοιν,
500 2981 616 3041 ίναιίλιον
628 2981 820 3066 Ἀστεροπαίου·
830 2987 875 3046 καλ
886 2987 938 3048 irt·
1818 3007 1819 3018 ’

178 3061 274 3142 hirritu
286 3063 467 3147 δίψολόισοαν
478 3070 768 3142 tritissimum.
781 3072 835 3134 Καὶ
843 3077 940 3157 stays
1117 3051 1181 3168 [wi
1195 3033 1352 3118 Μῑεθςόαν
1367 3045 1475 3172 ‘fiilia

177 3152 221 3217 λος
234 3152 261 3211 iv
276 3153 442 3236 Βασσαρίσι·
1114 3134 1300 3238 διθυραμόον
1319 3153 1460 3240 ὀμαρτειν
1550 3197 1555 3206 ·

255 3288 320 3376 [17]
336 3294 437 3378 Κάρραι
445 3297 553 3380 παλαιῷ
564 3298 722 3384 κᾶπιὸωμίιρ
736 3300 819 3385 pilo.
1114 3249 1269 3344 σῦγκοινον
1286 3256 1445 3341 Alesiam·

173 3431 175 3438 ·
215 3416 374 3492 Hesychius
386 3421 875 3504 etFavoriuns:[18]«Efiltdparav,
885 3428 938 3510 ιίρ-
982 3383 1139 3462 (P⁰¹⁵⁰¹¹¹¹⁵
1158 3387 1432 3470 θοι’ίεοίῗσίίίωίίωί
1448 3391 1744 3470 Δίνίῑίθῑῦίῦίῑθῐῑϋ

174 3500 291 3580 γάμων,
320 3507 450 3588 Αγσχγγος
475 3512 631 3594 Βασσαρρσι.
667 3515 767 3575 codex
801 3518 936 3595 Hesychii
982 3473 1211 3579 conciliationem
1228 3478 1332 3537 Bacchi
1345 3491 1374 3538 et
1383 3481 1506 3558 Lycurgi
1516 3481 1646 3542 indicare
1658 3497 1687 3542 ct
1700 3504 1742 3543 ce

175 3589 319 3672 Βάσσαρες,
980 3561 1092 3622 labrare
1105 3565 1239 3626 voluisse.

1282 3712 1438 3736 anm&-

494 3732 624 3756 -00—

454 3830 653 3898 NEANISCI.
1251 3816 1475 3881 LYCURGUS.
1558 3840 1563 3850 ·

213 3949 347 4023 Sequitur
362 3953 445 4010 tertia
463 3956 614 4032 tragoedia,
632 3980 697 4037 qua
711 3964 843 4022 Neanisci
858 3965 933 4024 dicta
1018 3966 1143 4046 Lycurgi
1155 3981 1352 4044 argumentum
1360 3969 1445 4046 quale
1457 3971 1542 4027 fuerit
1553 3983 1582 4028 et
1594 3970 1739 4048 quomodo

172 4035 224 4091 es't.
240 4033 441 4108 Quaedubitari
454 4061 513 4099 non
526 4056 631 4122 potest,
644 4050 714 4125 quin
724 4052 828 4111 Bacchi
838 4065 867 4112 et
877 4054 935 4112 for·
978 4055 1131 4132 AEschylus
1145 4055 1175 4114 id
1194 4057 1375 4134 exposuerit,
1389 4077 1425 4115 ex
1439 4058 1603 4136 fragmentis
1616 4059 1737 4138 quodam

173 4129 246 4178 tasse
260 4125 383 4202 Lycurgi
397 4147 462 4185 cum
477 4129 543 4202 illo,
565 4145 598 4191 ut
614 4136 717 4196 Strabo
735 4141 794 4219 ait,
810 4143 934 4220 conjun-
978 4158 1064 4222 pacto
1078 4145 1139 4202 erui
1153 4157 1258 4223 potest.
1276 4149 1326 4204 Est
1337 4147 1411 4204 enim
1424 4146 1483 4205 vini
1498 4167 1577 4221 usus,
1592 4168 1652 4206 non
1667 4148 1740 4205 illius

72 4210 75 4215 “
167 4211 207 4268 cti
225 4210 333 4268 cultum
348 4215 529 4277 continuerit.
550 4220 650 4300 ltaque
664 4226 788 4286 initiatio
806 4245 835 4289 et
850 4231 933 4290 dedi·
978 4234 1105 4311 quidem,
1122 4233 1201 4312 quod
1212 4235 1314 4292 Bacchi
1325 4233 1465 4294 beneficio
1476 4233 1607 4306 debetur,
1623 4237 1674 4294 sed
1690 4237 1739 4294 hu·

175 4298 247 4369 cutio
269 4300 375 4359 Bacchi
398 4319 596 4382 argumentum
613 4314 756 4390 tragoedias
781 4317 868 4377 fuisse
886 4321 932 4376 vi·
974 4322 1040 4399 jus,
1064 4323 1140 4402 quod
1161 4324 1297 4382 frumenti
1318 4326 1449 4382 coctione
1470 4325 1499 4382 in
1520 4325 1736 4384 similitudinem

175 4383 279 4441 deatur.
292 4391 409 4448 Graecus
422 4412 491 4451 vero
502 4395 598 4456 densa
617 4401 727 4461 colonis
741 4425 756 4462 e
771 4409 881 4468 Graecia
902 4413 931 4469 in
978 4413 1035 4470 vini
1051 4426 1219 4492 corruptum
1233 4435 1249 4472 a
1263 4414 1420 4473 'lhracibus
1436 4416 1584 4474 inventum
1599 4429 1652 4474 est.
1675 4421 1737 4474 Hu-

170 4467 321 4532 Thraciam
344 4476 474 4540 deductis
496 4484 597 4545 allatus
617 4488 725 4567 majore
749 4499 933 4559 veneratione
972 4500 1020 4579 jus
1034 4502 1095 4560 vini
1115 4523 1197 4560 usum
1210 4504 1320 4561 varium
1330 4525 1344 4562 a
1356 4517 1441 4582 poeta
1455 4505 1484 4562 in
1497 4525 1580 4564 scena
1593 4504 1680 4562 modo
1692 4524 1736 4562 sa·

171 4560 266 4620 cultus
279 4577 321 4624 est
337 4588 422 4645 quam
442 4571 512 4632 deus
532 4576 684 4655 indigena,
701 4603 787 4660 quem
806 4589 932 4650 Thraces
978 4593 1067 4668 tyrico
1083 4605 1229 4652 ostensum
1245 4614 1306 4652 esse
1326 4594 1482 4672 fragmenta
1506 4593 1612 4654 fabula
1625 4593 1734 4653 docent.

170 4649 327 4727 antiquitus
341 4657 503 4720 coluerunt.
525 4666 568 4722 lta
583 4671 731 4748 Lycurgus
742 4675 844 4736 Bacchi
863 4698 933 4757 pro·
976 4683 1039 4738 Huc
1051 4682 1174 4758 pertinet
1187 4685 1311 4760 primurn
1321 4683 1400 4756 illud,
1416 4682 1494 4762 quod
1504 4695 1548 4743 est
1558 4683 1638 4763 apud
1650 4684 1730 4744 Scho-

168 4734 272 4814 pheta,
285 4753 317 4799 ut
329 4744 369 4802 ait
382 4746 469 4807 Rhesi
480 4751 614 4830 scriptor.
974 4770 1085 4830 hastam
1098 4773 1250 4851 Sophoclis
1262 4771 1296 4830 ad
1313 4771 1386 4831 0Ed.
1401 4773 1461 4831 Col.
1477 4775 1533 4846 674
1547 4795 1555 4831 e

169 4847 1731 4902 *m-w„„.—-

525 4929 571 4979 17.
1373 4985 1380 4998 .

284 4995 347 5050 Are
364 4995 456 5056 favilla
469 5009 497 5059 et
508 5013 598 5064 vetere
610 5009 695 5080 palea
707 5012 832 5073 fomite·
1147 4949 1420 5088 Mixtisonumidlecet

522 5093 569 5146 21.
1147 5107 1469 5182 dithyrambumaditare

290 5159 419 5220 Lacertos
427 5164 457 5222 in
466 5169 605 5231 umbrosis
616 5174 776 5250 frigidariis,
1148 5201 1322 5247 communem
1341 5188 1473 5260 Dionyso.
