3656 5798
599 403 768 471 AEscttrtr
793 409 1044 475 FRAGMENTA.
1549 432 1603 484 ²07

49 566 98 614 uus
114 562 142 610 et
155 548 326 627 explicatam
349 546 470 624 putavit.
485 544 542 606 sed
566 535 622 604 ‘elio
638 543 702 602 loco
718 542 801 622 plura
845 546 968 604 nationis
987 546 1120 606 inventor
1137 553 1380 626 nequealemuo
1399 551 1493 610 insula
1512 571 1606 631 neque

49 636 353 699 diximuschelclseri
364 637 590 713 sententiaque
603 646 646 696 est
662 632 802 711 ejusmodi
845 633 882 692 ab
892 637 1067 713 Argonautis
1076 637 1184 698 alienus
1196 638 1293 716 fuerit,
1306 639 1390 700 valde
1401 639 1544 700 credibilis
1556 655 1608 715 est,

49 743 75 788 ut
86 727 193 786 delendi
209 738 343 804 nequeat.
358 725 521 785 Rrrlrukenii
540 723 710 783 sententiam
725 727 802 782 lier-
846 744 1018 803 quamquam
1028 725 1223 786 hariolatiouis
1233 748 1291 787 non
1305 729 1448 800 immunis,
1458 732 1608 805 sententia,

49 836 155 874 mannus
168 809 364 894 improbavit,
383 814 432 891 qui
449 812 553 872 deinde
568 811 694 872 ostendit
706 812 803 891 picra·
846 813 987 872 Glaucum
1005 813 1114 893 aliquid
1131 815 1166 876 de
1187 817 1363 896 proiectione
1380 827 1607 896 Argonautarum

47 925 96 984 que
122 907 280 981 fragmenta
307 905 461 961 convenire
486 921 551 960 cum
582 900 725 973 Hercule,
753 901 803 978 qui
847 903 1029 980 exposuisse,
1052 905 1101 981 qui
1120 904 1157 964 ad
1180 904 1291 964 easdem
1314 926 1379 965 oras
1402 906 1609 984 appulissedi-

50 993 132 1050 bubus
145 993 291 1069 Geryonis
311 991 420 1050 abactis
444 992 475 1050 in
498 990 623 1050 Siciliam
646 988 803 1068 appulisset
848 1004 961 1065 cuntur,
975 1011 1039 1070 quae
1052 992 1081 1050 in
1094 993 1260 1072 fragmentis
1273 1011 1543 1055 commemorantur.
1557 1001 1610 1056 Ac-

50 1083 217 1159 thermisque
225 1082 389 1159 complures
399 1079 440 1138 ibi
451 1079 628 1138 instituisset.
637 1079 698 1137 Alia
709 1090 803 1136 tamen
848 1079 923 1137 cedit
936 1080 1023 1158 quod,
1038 1092 1070 1140 ut
1082 1081 1205 1156 videtur,
1221 1097 1367 1162 postrema
1379 1088 1505 1144 lasoncae
1516 1085 1612 1144 sabula

49 1192 103 1228 curn
117 1174 166 1248 iis,
180 1192 245 1250 quae
266 1171 302 1230 de
321 1172 445 1231 Hercule
465 1184 636 1240 narrantur,
657 1168 803 1228 conciliari
847 1173 1075 1246 Argonautarum
1103 1170 1243 1252 profectio
1269 1173 1370 1231 ultimo
1390 1173 1456 1232 loco
1481 1175 1611 1254 exposita

51 1279 123 1338 posse
136 1271 236 1336 negat3
254 1279 345 1338 quare
360 1258 512 1317 videndum
528 1259 586 1331 ait,
602 1279 637 1317 ne
650 1277 708 1315 non
726 1261 802 1314 Her·
848 1269 899 1315 est.
918 1259 1062 1332 Quocirca
1074 1261 1200 1318 Glaucus
1220 1261 1372 1321 commode
1393 1282 1454 1320 eam
1477 1263 1611 1335 subulam,

50 1349 115 1406 cules
128 1347 176 1406 sed
189 1352 309 1407 Orestes
323 1348 360 1406 sit
372 1347 412 1420 is,
428 1347 474 1406 cui
486 1347 542 1405 iata
558 1359 709 1406 canentem
720 1347 804 1403 Glnu-
848 1356 880 1402 ut
893 1345 928 1402 ad
941 1347 1028 1405 finem
1045 1346 1156 1424 justum
1171 1347 1396 1428 perduceretur,
1417 1352 1541 1428 excepit.
1569 1355 1612 1408 De

51 1458 106 1494 cum
135 1449 217 1515 poeta
241 1435 446 1494 introduxerit.
468 1441 502 1496 In
527 1435 605 1494 lrunc
627 1435 703 1494 caim
729 1433 804 1492 haud
848 1434 951 1494 Glauci
967 1448 1063 1494 autem
1072 1437 1225 1496 itineribus
1239 1451 1282 1496 est
1292 1439 1534 1516 apSclroliastam
1547 1439 1611 1496 Plu-

49 1525 176 1582 difficilius
199 1545 288 1603 quum
313 1527 343 1582 in
370 1524 521 1583 Herculem
544 1526 716 1601 fragmenta,
742 1543 805 1599 qum
850 1525 923 1582 tonis
935 1524 964 1581 in
976 1529 1079 1603 Remp.
1096 1547 1125 1604 p.
1138 1527 1191 1583 611
1209 1551 1215 1584 :
1233 1525 1286 1585 Τὸν
1300 1525 1419 1586 Γλαῦκόν
1436 1549 1516 1608 φασιν
1529 1524 1612 1588 Arci·

51 1614 205 1686 attulimus,
233 1612 388 1690 quadrant.
420 1614 552 1692 scriptor
580 1612 615 1670 de
639 1611 805 1670 inventione
849 1633 898 1693 ρον
912 1609 957 1670 καλ
973 1613 1014 1670 Με
1040 1615 1098 1684 ’πης
1115 1603 1181 1672 εἶναι
1202 1612 1275 1686 υἱόν,
1292 1612 1413 1694 γενέσθαι
1427 1611 1455 1672 δὲ
1476 1613 1614 1674 θαλάττιον

51 1701 403 1761 bucolicorum'l'heocrito
416 1701 550 1780 praemitti
562 1702 662 1759 solitus
676 1699 804 1782 εὈρέοιη
851 1697 975 1776 δαίμονα·
995 1635 1066 1766 oddar
1080 1698 1129 1784 γδρ
1141 1698 1289 1784 περιτυχὼν
1302 1705 1335 1781 τῇ
1349 1701 1472 1782 ἀθανάτῳ
1483 1705 1556 1782 πηγῇ
1568 1725 1612 1760 και

52 1789 94 1872 ηδρ
109 1789 267 1869 ἐκκομίζοντα
281 1789 372 1862 τὸτῆς
386 1788 533 1871 Ἀρτέμιδος
550 1787 638 1858 ξόανον
652 1791 683 1848 ἐκ
693 1786 805 1868 Ταύρων
851 1785 983 1846 κατελθὼν
997 1788 1034 1855 τῖς
1047 1785 1127 1860 αὐτὴν
1142 1789 1285 1856 ἀθανασίας
1298 1787 1388 1870 ἔτυχε,
1403 1787 1440 1868 μὴ
1455 1789 1573 1862 δυνηθεὶς
1587 1786 1614 1848 δὲ

52 1883 91 1950 τῆς
106 1877 213 1946 Σκυθίας
226 1876 350 1960 χρησμὸς
364 1876 500 1950 ἐξέπεσεν,
516 1880 542 1938 ἐν
559 1875 624 1938 sart
637 1884 763 1955 ποταμοῖς
777 1877 806 1936 ἐκ
849 1873 948 1947 ταύτην
961 1873 1029 1934 τισίν
1042 1875 1180 1950 ἐπιδεῖξαι,
1195 1879 1229 1944 τίς
1244 1877 1377 1938 θοίλασσαν
1390 1876 1617 1962 ἐρρίρηκαλπερί·

55 1976 105 2044 μιᾶς
118 1971 200 2045 πηγῆς
217 1965 320 2050 ῥέουσιν
342 1965 543 2026 ἀπολαύσασθαι·
559 1968 573 2024 ὁ
587 1963 614 2025 δὲ
629 1963 761 2046 πορευθεὶς
771 1964 806 2030 εἰς
852 1985 902 2022 εισι
914 1961 974 2030 τοὺς
987 1963 1119 2044 αἰγιαλοὺς
1134 1963 1234 2033 πάντας
1251 1963 1298 2025 καλ
1311 1963 1357 2032 τδς
1371 1963 1465 2037 νήσους
1485 1963 1556 2036 ἅπαξ
1571 1970 1616 2024 τοῦ

53 2055 147 2134 Ῥήγιον
160 2061 206 2127 τῆς
218 2053 337 2121 Ἰταλίας
350 2053 380 2114 τὸ
391 2054 452 2135 θίγος
468 2053 612 2137 ἀπενίψατο
626 2055 652 2114 ἐν
667 2061 721 2120 τοῖς
731 2055 807 2131 λεγο-
852 2055 968 2111 ἐνιαυτοῦ
992 2051 1050 2132 θμα
1068 2061 1122 2121 τοῖς
1136 2054 1237 2126 adreci.
1255 2053 1421 2114 Μαντεύεται
1437 2052 1465 2112 δὲ
1484 2053 1571 2114 πάντα
1584 2051 1617 2112 sd

55 2143 129 2220 μένοις
153 2141 294 2226 διαχῶρσις
315 2153 458 2223 ποταμοῖς·
480 2142 572 2204 ἔπειτα
596 2145 632 2210 τῖς
656 2140 807 2225 Τυνδαρίδα
853 2143 948 2222 φαῦλα.
969 2145 1039 2200 Haec
1054 2156 1198 2222 postrema
1215 2143 1317 2223 procul
1339 2142 1429 2202 dubio
1448 2142 1618 2202 recentioris

55 2233 164 2300 Σικελίας
175 2223 263 2304 ἦλθεν.
287 2238 358 2306 Quae
371 2234 503 2310 quamvis
521 2232 651 2312 speciosa
666 2232 742 2304 sint,
762 2242 806 2288 ta·
856 2231 994 2310 temporis
1009 2231 1109 2310 opinio
1119 2231 1182 2291 init.

55 2341 178 2380 mennon
203 2320 387 2400 intelligitur,
411 2342 462 2382 cur
481 2323 605 2382 Glaucus
627 2321 808 2400 potissimum
894 2318 981 2391 Quod
996 2333 1091 2379 autem
1106 2320 1141 2378 ad
1152 2319 1279 2380 fabulam
1289 2320 1381 2400 ipsam
1394 2320 1510 2393 attinet,
1526 2319 1619 2380 omnis

57 2410 139 2468 Oresti
155 2411 270 2469 oracula
293 2409 421 2470 ediderit.
444 2411 551 2484 Quassi
571 2411 619 2468 ille
632 2409 729 2468 nescio
749 2428 807 2486 quo
854 2410 1017 2486 argumenti
1033 2409 1224 2469 conformatio
1237 2429 1270 2468 ac
1289 2409 1442 2488 dispositio
1460 2409 1619 2487 ignoratur,

57 2498 80 2554 in
90 2499 147 2558 loco
160 2498 305 2578 acceperit
314 2498 356 2578 (in
367 2499 462 2558 Sicilia
472 2501 547 2560 enim
558 2520 616 2558 nou
627 2496 762 2576 accepit),
773 2497 809 2556 ab
855 2519 948 2576 neque
961 2499 1118 2578 quidquam
1133 2499 1169 2558 de
1182 2499 1271 2559 choro
1285 2520 1379 2578 neque
1389 2499 1424 2558 de
1440 2500 1541 2558 ceteris
1552 2519 1620 2578 per·

57 2587 109 2644 aliis
121 2588 213 2647 multis
224 2587 325 2667 potuit
334 2587 472 2666 accipere.
482 2587 810 2660 ContraPausaniasIX,
855 2589 934 2646 sonis
951 2586 1008 2646 dici
1027 2601 1132 2668 potest.
1154 2590 1324 2648 Welclxerus
1340 2587 1455 2666 quidem
1479 2588 1619 2647 Glaucum

59 2691 102 2745 aa,
115 2675 130 2730 6
145 2675 204 2734 haec
220 2674 341 2752 scripsit
357 2697 364 2732 ι
377 2675 459 2754 [121]
478 2674 585 2736 Τούτων
602 2697 631 2733 τι
651 2672 684 2746 δή
704 2674 761 2734 ἐστι
776 2676 809 2754 τῇ
856 2697 872 2735 a
885 2677 955 2734 cetis
966 2676 1175 2734 circumdatum
1187 2698 1203 2734 a
1216 2690 1301 2755 poeta
1322 2676 1520 2734 introductum
1534 2675 1620 2734 fuisse

57 2760 175 2834 Ἀνθηδόνι
186 2761 317 2840 μνήματα
335 2761 379 2822 καὶ
400 2761 443 2822 ἐπὶ
463 2766 496 2844 τῇ
517 2760 634 2842 θαλάσσῃ
653 2760 811 2840 καλούμενον
856 2765 988 2845 putavit;
1003 2764 1033 2824 id
1050 2765 1129 2843 quud
1144 2767 1325 2828 Burmannus
1339 2766 1418 2824 omni
1427 2764 1494 2842 jure
1505 2765 1613 2843 impru-

60 2849 165 2910 l'lcdxou
177 2850 309 2929 πήδημα·
325 2839 391 2910 εἶναι
406 2849 434 2912 dl
448 2851 524 2911 αὐτὸν
537 2849 625 2926 ἁλιέα,
638 2847 684 2909 καί
696 2849 752 2909 ἐπιδ
765 2853 811 2920 τῆς
856 2852 945 2912 bavit.

58 2935 114 3004 πίας
125 2937 216 3020 ipa-ps,
228 2938 378 3018 δαίμοναέν
391 2938 508 3018 θαλάσση
523 2935 697 3018 γενέσθαικαὶ
713 2935 813 3018 ἀνθρύ-
897 2942 1025 3002 Glaucus
1033 2941 1121 3020 igitur
1132 2963 1148 3000 e
1159 2941 1232 3000 mari
1242 2961 1390 3022 emergens
1402 2943 1524 3002 inscena
1535 2961 1623 3021 appa·
1729 3011 1737 3024 '

59 3047 107 3092 mic
120 3025 149 3084 tit
167 3028 282 3104 ἐσόμενα
302 3028 328 3096 ἒς
340 3027 399 3086 τόδε
411 3027 546 3110 προλέγειν
561 3025 587 3086 cl
599 3049 628 3088 rs
649 3026 723 3084 οίλλοι
733 3022 813 3086 πιστὰ
858 3035 935 3106 ruit,
955 3046 988 3092 ut
1006 3033 1046 3092 ait
1058 3033 1267 3092 Grammaticus
1285 3033 1316 3092 in
1328 3033 1446 3094 Belleri
1461 3031 1572 3092 Anecd.
1590 3052 1618 3110 p.

60 3111 159 3190 ἥγηνται
168 3113 212 3176 καί
222 3119 246 3176 οἱ
257 3115 308 3188 τὴν
317 3116 449 3176 θάλασσαν
460 3115 582 3184 πλέοντες
593 3116 705 3174 πλεῖστα
716 3111 814 3196 ἀνθρώ·
860 3124 887 3197 5,
904 3141 938 3178 ar
952 3141 960 3182 t

61 3224 108 3260 πων
130 3204 154 3270 ἐς
173 3201 219 3275 τὴν
242 3201 366 3264 Γλαύκου
385 3202 516 3283 μαντικὴν
536 3199 605 3264 κατὰ
627 3199 681 3268 ἔτος
704 3199 813 3262 ἕκαστον
925 3223 927 3228 ’
1338 3253 1347 3278 Ι

60 3289 160 3370 λέγουσι.
176 3293 303 3376 Πινδάρῳ
319 3293 364 3352 καί
382 3293 507 3377 Αίσχύλῳ
521 3286 721 3370 πυνθανομένοις
741 3291 814 3376 παρδ
937 3259 1020 3339 [¹²3]
1038 3243 1265 3348 Ᾰνθίωποειδὲς
1279 3255 1379 3351 θηρίον

64 3377 218 3452 Ἀνθηδονίων
232 3387 273 3464 τῷ
295 3380 342 3460 μὲν
355 3384 402 3441 οὐκ
412 3382 456 3442 ἐπὶ
470 3379 535 3443 πολὺ
555 3375 633 3456 ἦλθεν
653 3375 716 3464 ᾆσαι
736 3379 769 3440 αδ
790 3384 814 3447 ἐς
911 3353 1004 3429 idae
1020 3355 1128 3448 συζῶν,

64 3468 182 3546 Γλαῦκον,
198 3470 325 3552 Αἰσχύλῳ
337 3470 365 3530 δὲ
378 3471 423 3530 καὶ
435 3473 460 3538 t<
475 3472 581 3544 ποίησιν
596 3471 727 3554 δροίματος
740 3470 815 3554 ἐξήρ-

64 3579 135 3617 κεσεν.
154 3560 265 3620 Deinde
288 3560 366 3638 apud
391 3561 577 3622 Scholiastam
602 3561 717 3622 Pindari
733 3561 815 3638 Pytlr.

65 3649 90 3717 l,
105 3648 153 3704 152
165 3671 170 3705 :
182 3646 288 3730 Ἱμέρας
300 3649 418 3726 ποταμὸς
432 3648 570 3723 Σικελίας,
581 3648 641 3730 περί
652 3639 683 3708 οὗ
701 3647 745 3708 καὶ
762 3650 815 3708 Ai-

69 3731 150 3812 rp'rlnc
163 3735 239 3816 φησίν
253 3739 282 3796 ἐν
296 3737 425 3819 Γλαύκῳ·

860 3498 904 3558 ἐπί
922 3504 967 3558 τοῦ
988 3497 1109 3559 Γλαύκου
1124 3499 1297 3583 θναῳανίντος
1311 3503 1341 3560 θα
1354 3504 1402 3572 ’τῆς
1413 3503 1555 3571 θαλασσης.
1573 3501 1625 3559 Al·-

860 3588 963 3668 αχύλος.
976 3589 1085 3648 Deinde
1097 3589 1213 3648 videtur
1226 3592 1284 3648 iata
1298 3609 1349 3648 sua
1359 3591 1536 3668 exposuisse,
1551 3606 1626 3667 quo-

863 3677 950 3736 modo
972 3678 1143 3736 immortalis
1163 3677 1291 3757 deusque
1315 3680 1442 3736 marinus
1467 3677 1559 3735 lactus
1579 3679 1625 3736 sit.

861 3771 957 3843 Quum
973 3769 1049 3826 enirn
1061 3769 1169 3847 piscem
1178 3767 1313 3841 vidisset,
1335 3767 1386 3846 qui
1398 3781 1500 3846 captus
1514 3778 1626 3845 gustata

861 3856 950 3915 herba
967 3858 1117 3916 revixisset
1130 3858 1271 3935 vivusque
1288 3859 1387 3935 (Bekis.
1403 3855 1507 3914 Anecd.
1518 3875 1547 3934 p.
1560 3859 1627 3929 347,

111 3885 187 3967 [ιον]
202 3889 336 3953 κακοῖσι
347 3893 484 3980 λουτροῖς
500 3889 708 3980 ἐκκαλουμένη
726 3879 822 3981 ispa
862 3946 932 4024 aa),

112 3987 147 4067 et,
169 3988 355 4087 ὑψίκρημνον
376 3981 484 4087 Ῐμέραν
500 3993 662 4087 ἀρικύμην.

862 4077 944 4158 [itti]
962 4059 991 4140 O
1007 4075 1062 4148 τὴν
1080 4065 1184 4150 αἰκίζων
1203 4067 1330 4165 ἄφθιτον
1350 4070 1428 4140 trdus
1440 4071 1557 4165 φαγών,
1652 4153 1654 4159 λ

72 4131 120 4208 (sie
135 4140 263 4216 Heynius
279 4164 285 4198 :
297 4141 381 4199 codd.
394 4139 552 4219 ἐκλίλουμαι
564 4153 593 4200 et
604 4138 711 4224 Ἱμέραν
730 4139 751 4199 δ’
765 4139 821 4222 rip.)

73 4223 171 4292 Quibus
182 4247 271 4304 quum
286 4230 345 4288 sere
361 4231 513 4288 concinant
528 4232 685 4310 fragmenta
699 4275 706 4304 2
722 4231 822 4308 profe,
862 4229 892 4267 rn
905 4227 983 4266 mare
995 4207 1165 4279 desiluisset,
1182 4210 1347 4287 exemplum
1360 4221 1476 4268 secutus
1489 4207 1631 4266 estGlau.

73 4311 167 4371 stiones
180 4319 303 4376 marinas
318 4317 477 4397 descriptas
487 4338 558 4392 csse,
570 4337 658 4396 quum
675 4338 711 4375 ex
726 4319 822 4376 multis
862 4317 922 4371 ⁰⁰⁵³
938 4298 1063 4356 “sem
1080 4296 1160 4375 (ibid.
1172 4296 1232 4375 ²9i'

76 4402 261 4480 scriptoribus,
274 4408 427 4486 Apollonio
446 4407 560 4466 uhodio
582 4411 611 4479 1,
637 4409 711 4464 1310
732 4427 822 4486 seqq,

76 4487 226 4554 Diodorus.
238 4500 287 4568 tv,
299 4496 346 4571 48,
359 4496 627 4576 Philostratolmag.
638 4518 665 4569 a,
682 4496 725 4568 ιδ,
738 4517 823 4574 uppa-

77 4589 127 4633 reat
141 4581 277 4642 Glaucum
290 4587 408 4643 Herculi
422 4586 499 4643 inter
510 4592 689 4663 Argonautas
700 4586 822 4644 Colchos
902 4588 1001 4663 Qualis
1013 4588 1104 4646 forma
1118 4587 1246 4646 exterior
1259 4586 1359 4646 Glauci
1373 4585 1468 4656 luerit,
1480 4603 1565 4642 versu
1581 4582 1631 4641 dc-

78 4669 172 4736 petenti
184 4673 370 4732 vaticinatum
384 4694 461 4742 esse,
477 4688 535 4732 tum
549 4677 674 4733 Glaucus
687 4673 822 4732 ferrumi-
864 4675 1001 4735 scribitur
1015 4675 1044 4733 in
1060 4675 1259 4754 Etymulogico
1274 4679 1313 4732 M·
1329 4693 1358 4751 P·
1372 4672 1440 4745 25⁰2
1453 4680 1468 4739 A
1482 4694 1488 4728 ²

77 4793 131 4811 *—

862 4449 945 4530 [rat]
961 4443 1024 4514 Καὶ
1042 4441 1170 4539 γεύομαί
1185 4469 1249 4521 πως
1263 4452 1318 4519 τῆς
1333 4433 1455 4520 ἀειζώου
1476 4439 1565 4518 πόας.

1506 4801 1629 4814 -ιι-ι-Ι

412 4889 475 4939 121.
1010 4879 1039 4938 in
1052 4895 1123 4953 aqua
1132 4879 1233 4937 vivens.

107 4968 225 5029 Pulchris
235 4973 351 5031 lavacris
365 4975 439 5032 lotus
448 4991 548 5049 corpus
1219 4976 1285 5030 rat.

112 5045 243 5109 Himeram
256 5051 285 5110 in
297 5053 360 5111 altis
373 5054 455 5112 sitam
469 5055 585 5129 rupibus
597 5057 717 5130 perveni.
903 5073 958 5148 Qui
971 5073 1137 5146 ,empnam
1151 5071 1300 5129 immortali
1313 5067 1398 5127 herba
1413 5073 1510 5140 pastus
1520 5071 1573 5121 est.

412 5163 477 5215 lii.
1280 5206 1288 5223 .
1325 5201 1328 5206 .

210 5246 533 5308 Hominisimileanimu
993 5254 1029 5310 Et
1039 5259 1119 5332 gusto
1130 5172 1323 5326 sempiieiriam
1334 5245 1459 5307 herbam.
