3650 5798
588 473 797 542 soruocms
817 473 1067 542 FRAGMENTA.
1265 481 1268 488 “
1555 493 1609 546 tsi

43 627 113 674 tasse
134 612 202 693 jure
230 611 355 672 orationi
369 608 535 674 Cassandrae
548 603 703 680 addideris,
721 602 800 681 quod
854 601 1015 661 laciendum
1030 617 1119 680 osset,
1134 620 1167 666 ut
1184 610 1277 671 mim
1295 613 1436 674 calliditas
1454 615 1611 692 patefieret.

43 716 83 762 est
100 703 128 762 in
147 701 267 762 Beklscri
287 700 397 761 Aneed.
415 717 444 778 p.
460 700 526 769 347,
540 699 596 768 30,
609 695 672 773 [10]
685 691 800 762 «ἀείζων
853 693 916 748 Ηοο
937 691 1081 754 indicatur
1098 698 1228 759 versibus
1243 702 1321 780 apud
1341 701 1523 762 scholiasram
1543 705 1612 764 pin.

41 788 147 856 σίνθοςν
155 791 230 872 ἐρεῖς,
241 787 420 866 detepuit<
429 783 538 854 «ἀείζων
550 779 650 848 ἕλκοι.»
664 781 802 858 Intelligit
854 777 917 837 dari
929 780 1073 856 Isthmv,
1090 785 1127 842 86
1141 808 1148 844 a
1160 785 1293 868 Σύντομοι
1305 787 1333 848 δὲ
1344 791 1374 849 οδ
1385 789 1464 870 μόνον
1480 789 1608 868 Λοίκωνες,

42 877 116 934 enim
135 876 252 948 Parim,
273 895 359 954 quem
376 875 508 934 Priamus
525 871 562 928 sit
580 884 716 928 aetcrnum
733 869 801 928 vul·
853 863 976 927 σίλλδικαὶ
992 867 1110 950 Ἀργεῖοι.
1126 875 1158 934 Σ.
1172 873 1296 936 Ὀδυσσεῖ
1312 876 1483 962 μαινομίνῳ·
1609 917 1613 947 ,

43 985 92 1023 nus
122 977 288 1023 vocaturus.
314 971 352 1022 At
376 964 401 1022 si
426 961 490 1040 quis
519 959 611 1017 choro
644 956 798 1035 tribuerit,

43 1072 98 1110 non
111 1051 298 1111 intercedam.
314 1053 415 1130 Neque
426 1048 531 1110 abhoc
544 1045 669 1105 alienum
681 1058 802 1123 putave-
854 1025 916 1110 [¹²1
933 1025 1031 1096 Heirs'
1048 1026 1143 1112 οῐσθα,
1157 1033 1249 1101 πάντ’
1265 1029 1352 1115 ἔλεξα
1364 1036 1593 1133 τοίντιταλμίνα

44 1141 95 1198 rim
114 1140 193 1218 quod
214 1153 258 1199 est
273 1139 349 1219 apud
371 1137 495 1198 eundem
514 1135 675 1194 licllserum
685 1153 714 1212 p.
733 1134 801 1209 367,
934 1140 1025 1233 μῦθος
1042 1139 1100 1238 γὰρ
1117 1133 1286 1242 Ᾰργολωτρ
1301 1154 1471 1244 συντέμνειν
1487 1155 1611 1246 βραχύς.

44 1246 96 1286 20:
116 1229 180 1307 [ιι]
205 1255 218 1282 ι
232 1227 377 1289 ἀκόλαστον
400 1230 487 1306 σῶμα.
503 1248 516 1277 ν
531 1224 676 1307 Σοφοκλῆς.
699 1226 802 1281 prater

45 1313 101 1372 οπο
115 1315 184 1372 „ihu
197 1313 341 1390 tragoediae
353 1326 490 1374 ,emtum
515 1323 570 1371 est,
854 1296 1020 1361 walcherus
1034 1318 1136 1358 versus
1147 1304 1354 1380 Agamemnoni
1369 1305 1489 1380 tribuit,
1500 1307 1546 1364 cui
1561 1327 1616 1365 vox

363 1435 471 1454 ...-
854 1383 1049 1462 τᾶοοετολμίνα
1068 1400 1100 1446 ιιι
1114 1381 1217 1466 regist
1235 1391 1301 1449 duci
1321 1412 1378 1450 non
1400 1394 1543 1452 convenit.
1559 1399 1616 1452 Po-

272 1543 273 1546 ,
501 1511 502 1516 κ
857 1475 913 1533 tius
924 1473 1066 1553 intelligas
1081 1476 1186 1550 alium,
1209 1477 1259 1556 qui
1285 1479 1323 1538 ab
1340 1484 1553 1558 Agamemnone
1566 1503 1617 1540 ve·

259 1539 400 1606 ῙίῙοῘΧΕ8
420 1541 580 1604 FURENS·
855 1563 948 1636 uerit,
964 1575 997 1620 ut
1015 1563 1194 1624 Palamedem
1216 1565 1285 1643 quid
1308 1567 1523 1647 transigendum
1542 1583 1617 1629 esset

81 1651 275 1731 Exposuimus
297 1643 444 1732 tragoediae
458 1667 658 1734 argumentum
673 1655 703 1713 iu
718 1655 802 1714 Pala·
855 1651 981 1709 doceret.
997 1655 1062 1712 Non
1077 1653 1202 1712 alienum
1217 1655 1337 1714 sortasse
1356 1657 1442 1714 luerit
1456 1657 1617 1720 Menelaum

46 1740 125 1798 mede
147 1739 297 1818 AEschyli,
316 1761 403 1818 quem
437 1763 502 1801 non·
519 1743 642 1802 dubium
665 1751 708 1802 est
733 1744 803 1822 quin
855 1739 1023 1818 intelligere,
1034 1740 1087 1798 nisi
1101 1740 1178 1800 inter
1188 1761 1324 1822 personas
1335 1757 1426 1803 mutas
1440 1744 1502 1803 tuit.
1514 1745 1617 1804 Eidem

45 1831 198 1911 Sophocles
208 1832 238 1890 in
253 1832 414 1910 plerisque,
429 1845 463 1892 ut
476 1833 569 1912 solet,
593 1831 700 1912 majore
720 1832 803 1892 adhi-
856 1828 1001 1906 colloquio
1024 1827 1192 1888 vindicarim
1215 1849 1316 1892 vocem
1345 1831 1407 1912 [13]
1431 1832 1618 1914 «ἐμπορίῳ

46 1919 102 1978 bita
122 1932 183 1979 arte
208 1931 324 1978 secutus
350 1920 395 1978 sit.
416 1919 514 1980 Habet
533 1920 654 1980 eandem
679 1921 803 1982 fabulam
856 1913 986 1998 ίμπεῑρος.
999 1917 1134 1998 Σοφοκλῆς
1147 1916 1271 1978 Ὀδυσσεῖ
1284 1917 1449 2000 μαινομένῳ,
1463 1920 1540 2000 apud
1554 1924 1618 1980 Hc-

47 2008 118 2066 inter
137 2008 246 2086 Cypria
265 2007 403 2084 Procius,
421 2009 473 2086 qui
490 2008 551 2068 haee
571 2009 716 2069 memoriae
731 2030 803 2089 ματ
857 2003 1004 2080 syclrium,
1024 2023 1082 2083 quo
1103 2005 1220 2063 nomine
1235 2005 1341 2064 dicitur
1353 2027 1411 2064 non
1433 2007 1531 2067 Ulixes
1545 2054 1553 2082 ,
1566 2007 1618 2068 sed

48 2091 264 2155 diditr'lirrcrra
275 2093 335 2162 τοὺς
346 2093 476 2175 ἡγεμόνας
485 2096 646 2178 ἀθροίζουσιν
657 2095 805 2165 ἐπελθόντος
857 2091 1043 2164 Palamedes,
1065 2092 1115 2170 qui
1142 2093 1179 2151 sit
1203 2113 1308 2172 gnarus
1335 2095 1475 2173 cujusque
1496 2095 1617 2156 astutiae.

46 2179 91 2254 τλν
105 2181 239 2258 Ἑλλάδα,
260 2183 305 2242 καὶ
327 2183 465 2261 μαίνεσθαι
491 2183 738 2266 προσποιησάμενον
760 2185 806 2245 τὸν
858 2179 981 2258 Reliqua
989 2179 1342 2258 smgmentaincertasunt.
1354 2183 1478 2256 Dixeris,
1488 2183 1568 2261 quod
1576 2195 1619 2243 est

48 2269 174 2330 Ὀδυσσέα
190 2269 236 2331 ἐπὶ
249 2273 287 2351 τῷ
310 2269 348 2350 μὴ
362 2271 444 2332 θίλιιν
462 2271 651 2354 στρατεύεσθαι
667 2272 806 2355 ίριίνρασαν
856 2268 935 2346 apud
949 2267 1123 2346 Hesychium
1137 2268 1200 2348 [te]
1215 2269 1410 2354 «lusitque»
1428 2269 1618 2353 κριίψαι,ιίφιι·

47 2357 222 2437 Παλαμήδους
257 2357 418 2438 ὑποθεμένου
439 2359 483 2419 τὸν
504 2359 558 2420 υἱὸν
579 2359 741 2442 Τηλέμαχον
762 2361 806 2422 ἐπὶ
857 2355 937 2428 νίσαι,
949 2355 1029 2416 Ulixi
1046 2354 1226 2435 exprobrari,
1234 2359 1313 2436 quod
1328 2379 1359 2417 se
1379 2360 1519 2418 occulerit
1533 2359 1619 2418 salcis

48 2443 149 2506 κολασιν
172 2444 373 2529 ἐξαρπάσαντος.
396 2449 486 2506 Paulo
509 2448 655 2529 copiosius
675 2449 806 2528 Hyginus
858 2443 960 2502 modis·
970 2445 1050 2502 Idem
1062 2443 1267 2524 Hesych.,[14]
1280 2451 1430 2526 οθροοτοῖοι
1442 2443 1620 2526 virtuts-tirsi

48 2533 110 2594 Fab.
136 2536 173 2612 95
188 2556 195 2592 :
211 2541 428 2612 «Agamemnon
442 2548 473 2594 ct
485 2537 630 2596 Menelaus
651 2537 732 2596 Atrei
755 2537 806 2596 filii
856 2536 903 2588 τοῦ
914 2539 1053 2613 τροχαῖος·
1072 2529 1134 2590 ἔνιοι
1148 2531 1175 2590 δὲ
1186 2534 1441 2614 «κροκτοῖιμιιοοδ
1459 2535 1548 2593 choro
1561 2535 1620 2593 sor·

48 2641 131 2700 quum
154 2623 191 2683 ad
213 2623 330 2701 Trojam
341 2625 567 2704 oppugnandam
577 2623 742 2704 conjuratos
753 2623 807 2684 du·
858 2631 930 2678 tasse
943 2619 1127 2678 tribuendum
1139 2631 1190 2693 est,
1202 2621 1365 2698 frustraque
1380 2621 1462 2701 [15]«
1474 2620 1620 2703 sputos,-

49 2729 92 2768 ces
111 2711 269 2785 ducerent3
293 2712 324 2770 in
346 2713 469 2771 insulam
491 2713 620 2772 Ithacam
637 2713 673 2772 ad
692 2714 807 2772 Ulixem
857 2707 1035 2788 qouatoqm,
1049 2707 1193 2786 totamm,
1207 2707 1386 2778 evocantem.
1399 2708 1476 2788 apud
1496 2708 1620 2768 eundem

48 2799 153 2858 laertis
174 2800 266 2858 filiurn
288 2814 450 2862 venerumt
465 2801 511 2860 cui
531 2814 592 2861 erat
613 2821 805 2879 responsum,
857 2795 1042 2873 Hesychium,
1056 2795 1181 2854 insanire
1203 2814 1234 2854 se
1262 2797 1418 2856 simulasse.
1439 2803 1618 2858 Postremum

51 2884 73 2942 si
91 2884 126 2944 ad
140 2887 258 2964 Trojam
273 2887 359 2962 isset,
375 2901 443 2968 post
456 2889 625 2948 vicesimum
640 2909 746 2948 annum
760 2911 808 2948 so-
859 2882 1047 2962 lrtgmentum
1060 2883 1139 2962 apud
1152 2883 1288 2943 Ph02i¹1m
1300 2881 1364 2965 [ίθί
1374 2883 1509 2965 «Μάγνον,
1525 2909 1537 2938 ”
1553 2885 1620 2968 qu;

50 2972 104 3031 lum
117 2975 203 3034 sociis
216 2975 338 3054 perditis
355 2989 487 3056 egentem
501 2977 618 3036 domum
637 2977 807 3038 rediturum.
858 2970 982 3031 Ὀδυσσεῖ
989 2970 1033 3030 etv
1042 2969 1135 3051 μέγαν,
1142 2969 1186 3030 τδν
1196 2968 1384 3051 ἀπομίσσοντα
1393 2972 1438 3032 καί
1449 2971 1620 3055 καθαίροντα,

49 3063 144 3138 ltaque
157 3082 251 3140 quum
263 3063 350 3121 sciret
365 3063 401 3122 ad
414 3083 445 3122 se
459 3077 590 3123 oratores
603 3077 756 3136 venturos,
767 3067 809 3124 in·
859 3061 973 3120 ridetur
986 3063 1071 3140 plane
1083 3075 1250 3140 corruptum
1264 3079 1325 3120 esse
1337 3081 1431 3140 neque
1442 3063 1620 3141 intelligitur,

50 3149 150 3208 sauiam
165 3152 304 3210 simulans
322 3151 430 3230 pileum
449 3152 552 3211 sumsit
574 3163 602 3211 et
618 3171 724 3230 equum
742 3174 808 3212 cnm
859 3170 918 3231 quo
938 3150 1026 3210 modo
1042 3151 1161 3210 Photius
1173 3150 1247 3210 ‘illud
1261 3151 1301 3210 ita
1317 3151 1461 3230 explicare
1483 3145 1621 3232 potuerit:¹

49 3232 118 3294 bove
135 3233 233 3312 junxit
257 3235 293 3294 ad
317 3247 453 3299 armrum.
473 3243 568 3312 Quem
589 3239 753 3299 Palamedes
775 3255 809 3300 ut
899 3239 1016 3318 Duplex
1037 3238 1166 3297 narratio
1191 3251 1235 3297 est
1257 3238 1294 3298 de
1317 3239 1475 3299 Palamedis
1503 3243 1619 3300 astutia.

50 3321 132 3396 vidit,
146 3325 236 3383 sensit
248 3324 384 3383 simulare
399 3337 487 3402 atque
502 3327 706 3386 Telemachum
719 3329 807 3388 lilium
860 3328 916 3387 Alii
939 3328 1058 3388 tradunt
1082 3327 1288 3386 Telemachum
1308 3327 1345 3386 ab
1368 3328 1419 3387 illo
1441 3329 1566 3406 positum
1591 3329 1621 3387 in

50 3411 106 3487 ejus
117 3413 198 3471 curris
223 3411 368 3475 sublatum
389 3426 492 3472 aratro
515 3413 541 3472 ei
556 3413 678 3491 subjecit
700 3429 729 3474 et
743 3418 807 3476 ait:
859 3419 941 3475 sulco
957 3416 1034 3496 agri,
1047 3435 1132 3492 quent
1146 3415 1248 3474 Ulixes
1261 3414 1363 3493 juncto
1378 3435 1453 3492 equo
1464 3433 1530 3474 cum
1544 3414 1621 3474 bove

51 3503 235 3562 simulatione
245 3503 378 3582 deposita
389 3504 463 3562 inter
472 3506 637 3582 conjuratos
647 3507 724 3565 veni.
734 3509 808 3567 Tum
860 3505 999 3576 araverit,
1020 3503 1068 3562 alii
1091 3501 1271 3562 Palamedem
1295 3522 1361 3562 cum
1381 3503 1477 3580 gladio
1491 3503 1521 3561 in
1536 3505 1622 3564 Tele·

50 3589 145 3668 Ulixes
159 3591 245 3670 fidem
256 3591 337 3650 dedit
346 3611 377 3652 se
386 3603 551 3651 venturum.
562 3595 604 3652 Ex
614 3611 649 3656 eo
661 3595 809 3654 Palamedi
860 3592 993 3652 maehum
1008 3591 1134 3649 irruisse.
1150 3590 1299 3649 Posterius
1313 3591 1382 3669 quia
1396 3591 1555 3670 simplicius
1567 3603 1621 3674 est,

51 3677 163 3737 inlectus
172 3679 237 3740 luit.
249 3706 261 3732 ν
272 3683 339 3738 llaec
348 3681 491 3760 Hyginus,
502 3679 606 3760 quibus
613 3681 702 3742 addas
709 3703 809 3743 versus
860 3683 977 3742 videtur
991 3677 1138 3757 antiquius
1158 3677 1245 3738 luisse
1264 3680 1446 3758 maximeque
1468 3679 1621 3762 probabile

51 3765 163 3824 Homeri
175 3767 207 3825 in
222 3765 327 3845 Odyss.
341 3769 385 3842 Ω,
404 3767 542 3845 115-119.
758 3797 760 3800 ·
861 3784 904 3832 est
915 3787 1084 3846 expressum
1098 3785 1161 3825 esse
1177 3786 1193 3824 a
1208 3765 1369 3846 Sophocle,
1388 3769 1456 3846 quia
1467 3781 1496 3828 et
1509 3769 1622 3828 facilius

85 3856 124 3912 Ut
136 3854 172 3913 ad
193 3853 368 3935 Sophoclem
381 3855 680 3934 perveniamus,non
698 3856 810 3919 videtur
861 3872 890 3918 et
905 3855 1054 3936 majorevi
1067 3855 1096 3913 in
1110 3873 1194 3912 scene
1209 3856 1407 3936 repraesentari
1420 3855 1526 3935 potuit.
1567 3935 1570 3940 Ι
1614 3879 1618 3884 ·

50 3935 170 4000 dubitari
188 3961 276 4021 posse
308 3945 377 4024 quin
399 3955 487 4023 poeta
520 3948 678 4004 Homerum
695 3959 809 4006 secutus
900 3951 967 4006 Non
986 3961 1234 4023 supervacaneum
1256 3963 1319 4002 esse
1342 3943 1478 4003 videatur
1497 3934 1621 4018 addere-'2

51 4040 149 4106 praeter
168 4031 330 4090 Menelaum
352 4044 382 4090 et
396 4031 576 4091 Palamedem
592 4033 678 4092 etiam
690 4041 811 4114 Agame·
861 4056 925 4114 quae
938 4033 1124 4095 Thudichum
1138 4033 1173 4091 de
1188 4033 1243 4091 ista
1257 4033 1393 4112 tragoedia
1406 4035 1528 4114 scripsit.
1538 4039 1623 4093 Putat

51 4131 179 4176 mnonem
187 4118 218 4176 in
229 4117 327 4178 Ithaca
334 4120 427 4181 insula
435 4119 512 4201 apud
520 4120 635 4180 Ulixem
642 4119 810 4182 introduxe·
860 4136 978 4204 apoeta
994 4123 1022 4181 in
1038 4120 1132 4181 sabula
1143 4123 1340 4202 representari
1356 4121 1508 4181 fidissimos
1520 4121 1622 4199 σοιιίιι·ι

52 4201 96 4258 rit.
102 4210 341 4284 Agamemnonem
350 4209 468 4287 quidem
477 4209 645 4268 werckems
653 4229 809 4288 agnoscere
861 4232 926 4291 ges,
939 4231 1033 4290 neque
1053 4209 1216 4270 mirandum
1238 4209 1340 4284 luisse,
1353 4211 1377 4269 si
1390 4212 1490 4270 Ulixes
1502 4230 1621 4274 uxorem

52 4287 102 4349 sibi
119 4293 274 4355 videbatur
287 4297 317 4356 in
328 4297 490 4378 fragmento
505 4297 694 4376 quodam3de
707 4303 809 4358 Mene-
861 4313 890 4360 et
907 4301 998 4361 forma
1015 4299 1156 4378 insignem
1177 4311 1207 4357 et
1225 4299 1342 4378 ingenio
1363 4299 1559 4357 suavissimam
1575 4317 1624 4358 re·

52 4375 94 4435 lao
113 4383 207 4442 omnia
228 4385 341 4444 incerta
362 4399 429 4444 suut
439 4429 448 4459 ,
468 4406 563 4465 neque
583 4385 766 4465 refragrabor
785 4389 810 4446 si
861 4390 993 4468 linquere
1004 4389 1141 4447 uoluerit.
1155 4392 1199 4446 lta
1213 4387 1309 4445 omnia
1322 4388 1436 4466 egregie
1447 4398 1532 4465 putat
1542 4405 1623 4444 com-

52 4468 113 4542 quis
141 4471 221 4532 illum
253 4475 329 4536 inter
350 4495 488 4556 personas
508 4489 602 4536 mutas
622 4478 808 4538 recensuerit.
862 4478 933 4560 poni
954 4490 982 4536 et
1001 4474 1158 4557 explicari,
1180 4475 1337 4556 praesertim
1359 4475 1385 4533 si
1404 4474 1547 4552 Penelope
1560 4473 1623 4552 ipsa

52 4554 159 4618 Chorus
173 4565 274 4642 procul
290 4565 379 4625 dubio
399 4566 579 4645 compositus
597 4579 659 4624 erat
677 4585 713 4624 ex
728 4565 808 4626 ltha-
861 4567 977 4627 Ulixem
1011 4568 1143 4626 insanum
1173 4565 1326 4644 putaverit.
1361 4569 1461 4642 Neque
1497 4563 1622 4624 inveniri

52 4644 193 4727 censibus,
212 4651 241 4710 id
261 4653 340 4731 quod
359 4667 440 4714 etex
459 4673 540 4712 more
561 4655 749 4734 Tragicorum
766 4667 810 4714 est
861 4656 975 4716 Ulixem
991 4674 1048 4712 non
1067 4653 1184 4731 optimis
1205 4651 1332 4710 moribus
1344 4651 1494 4730 praeditum
1508 4664 1623 4730 apoeta

53 4738 217 4818 repetitum,
230 4742 280 4821 qui
291 4744 400 4802 incolas
412 4745 584 4822 praeferunt,
596 4757 625 4803 et
638 4745 731 4804 Ulixis
743 4763 810 4824 per·
862 4743 1004 4822 describi3
1019 4759 1080 4800 esse
1095 4741 1173 4799 illum
1187 4739 1352 4818 egregium,
1368 4738 1460 4798 nobili
1477 4741 1573 4797 auimo
1592 4740 1620 4802 iu

52 4835 118 4882 sona
130 4827 190 4885 siue
203 4829 356 4890 comitibus
370 4833 476 4912 tragica
485 4832 623 4910 dignitate
633 4831 809 4892 destituitur.
861 4831 960 4910 Aiace,
972 4829 1089 4889 delendi
1101 4828 1131 4886 in
1143 4827 1301 4885 Philocteta
1306 4871 1315 4899 ,
1328 4845 1423 4903 neque
1432 4823 1621 4885 dubitandum

89 4912 208 4973 Videtur
229 4918 315 4977 initio
338 4931 424 4998 poeta
442 4933 509 4978 ante
530 4920 651 4978 chorum
675 4921 809 4981 introdu-
862 4920 931 4999 quin
945 4931 1030 4998 poeta
1039 4918 1069 4975 in
1079 4916 1133 4974 hac
1143 4933 1259 4993 quoque
1273 4913 1410 4990 tragoedia
1421 4912 1500 4970 illum
1512 4890 1625 5015 optimd¹

52 5008 125 5057 ctum
139 5001 212 5064 duos
227 5006 328 5067 iecisse
342 5008 418 5066 inter
438 5028 468 5067 se
486 5007 719 5082 confabulantes,
739 5009 810 5090 quid
861 5007 1019 5068 exornarit.
1035 5009 1103 5064 Haec
1124 5003 1182 5061 ille.
1200 5006 1262 5060 Non
1285 5000 1388 5059 dubito
1412 4998 1528 5078 quidem
1550 5001 1619 5080 quin

113 5227 119 5234 -
409 5198 450 5250 1².
576 5233 578 5238 -
808 5179 948 5260 ‘sermo
961 5189 1041 5247 enim
1056 5203 1130 5244 neore
1146 5183 1277 5259 Argolico
1293 5183 1384 5242 brevis
1400 5183 1530 5242 omnibus
1546 5201 1622 5242 com·

57 5257 250 5327 ilmnianosti.
263 5268 356 5326 ornnia
370 5271 426 5330 dixi
440 5271 609 5347 qucejussus
622 5287 698 5346 sum,
802 5281 806 5290 ’
943 5281 948 5291 “
1295 5283 1296 5286 ’
1454 5263 1619 5337 ίθῑθθθΰθίῑ·
