3650 5798
616 418 824 484 sorfloctts
845 421 1101 493 FRAGMENTA.

48 549 152 612 luerit.
168 552 266 616 snat.
285 571 314 632 p.
335 552 393 612 608
407 575 415 610 a
428 550 481 614 Τὸν
496 549 544 630 μίν
558 542 602 612 oda
616 549 757 632 Ἀντιίναρα
776 549 821 611 καί

46 637 110 705 τοὺς
128 641 231 708 παῖδας
253 638 320 718 μετὰ
339 643 392 700 τῶν
413 637 632 722 παραγενομένων
653 638 767 700 Ἑνετῶν
788 640 824 706 είς

46 723 98 797 τὴν
112 724 230 809 Θρᾴκην
247 730 439 809 περισωθῆναι·
453 728 571 787 κάκεῖθεν
585 724 823 798 discretissimis

46 813 204 892 λεγομένην
221 814 290 874 κατδι
309 814 358 889 τὴν
377 815 480 898 Ἀδρίαν
498 812 647 887 Ἐνετικήν.
667 814 768 892 Polyb.
782 819 823 888 11,

52 922 100 975 17,
116 906 156 962 6:
172 902 242 982 Περὶ
255 896 291 964 ὧν
303 905 327 962 ol
348 901 573 988 τραγῳδιογριίροι
590 901 673 962 πολύν
696 925 755 961 τινα
775 925 825 962 πε-

48 989 185 1060 ποίηνται
207 989 284 1069 λόγον
310 989 357 1052 καὶ
375 989 476 1064 πολλὴν
502 990 660 1052 διατίθενται
677 989 822 1071 τερατείαν.

50 1077 95 1135 cf.
115 1078 185 1136 [iv.
197 1083 221 1154 1,
238 1100 262 1140 1.

90 1165 185 1242 Troja
199 1179 297 1245 capta,
309 1169 341 1227 in
354 1187 411 1247 qua
427 1171 557 1228 Antenor
572 1171 688 1226 Graecos
702 1166 824 1226 mealtum

49 1251 181 1330 adjuvit,
196 1256 267 1334 qnid
282 1258 385 1316 mirum
396 1256 461 1330 fuit,
473 1255 590 1335 quando
604 1255 641 1314 de
653 1255 776 1334 captivis
788 1255 824 1314 de

51 1341 149 1416 iisque
174 1343 227 1420 qui
248 1344 380 1404 hostibus
400 1343 509 1404 anxilio
529 1343 658 1419 fuerant,
672 1363 690 1402 a
702 1344 823 1418 Graecis,

51 1429 125 1507 quid
138 1431 178 1490 iis
192 1433 355 1494 laciendum
367 1446 455 1506 esset,
472 1432 707 1503 constituebatur,
726 1433 751 1492 si
761 1435 824 1495 Aa·

55 1519 202 1578 tenoridae
213 1523 339 1599 praemia
351 1533 518 1600 poscerent,
538 1518 699 1597 urbemque
713 1520 824 1580 instau-

53 1607 182 1666 randam
198 1621 342 1687 peterent,
360 1608 442 1688 cujus
456 1629 513 1668 una
529 1608 647 1667 illorum
660 1608 762 1667 domus
777 1609 826 1667 in-

54 1696 182 1756 columis
202 1698 355 1756 remansit?
369 1702 433 1757 Jam
457 1717 526 1756 vero
540 1696 626 1756 etiam
639 1696 671 1754 in
686 1696 744 1755 illis
763 1717 825 1756 sors

55 1782 246 1861 proditorum
268 1784 446 1845 manifestata
461 1797 517 1859 est,
537 1803 662 1863 quorum
684 1796 765 1862 grata
783 1797 827 1844 est

55 1889 148 1949 opera
170 1872 244 1932 dum
268 1871 413 1950 poscitur,
432 1870 524 1930 invisa
546 1871 664 1949 negotio
680 1872 823 1932 conlecto.

54 1961 219 2020 Antenoris
235 1979 338 2038 magna
353 1960 456 2019 merita
469 1961 596 2032 fuerunt,
609 1972 638 2018 at
656 1959 710 2018 luit
726 1960 826 2038 prodi-

57 2061 104 2107 tor
115 2048 279 2127 eademque
291 2049 411 2127 perfidia
423 2048 579 2128 aliquando
590 2048 677 2106 etiam
689 2047 826 2110 adversus

56 2141 192 2212 Graecos,
218 2137 323 2215 quibus
350 2137 500 2215 hucusque
524 2135 633 2196 aruxilio
654 2136 761 2209 luerat,
784 2137 827 2196 uti

58 2225 165 2301 potuit.

99 2315 249 2386 Quocirca
279 2314 417 2374 credibile
445 2325 489 2373 est
515 2313 658 2391 tragoediae
688 2313 826 2393 majorem

59 2415 173 2478 partem
183 2404 214 2462 iu
223 2401 336 2479 judicio
345 2403 600 2476 Antenoridarum,
611 2414 707 2460 utrum
719 2403 748 2460 in
757 2422 826 2481 agro

59 2489 190 2567 Trojano
215 2491 395 2568 relinquendi
415 2490 597 2569 praemiisque
617 2489 758 2548 afficiendi
782 2511 828 2548 es-

60 2589 138 2651 sent,
155 2599 194 2637 an
210 2577 372 2656 expellendi
392 2579 422 2636 in
442 2577 528 2636 aliam
548 2588 668 2650 temam,
685 2589 826 2636 versatam

61 2685 132 2726 esse.
159 2672 259 2726 Duces
281 2685 371 2744 quum
406 2663 612 2724 beneficiorum
641 2677 826 2742 acceptorum

61 2773 207 2814 memores
223 2755 294 2813 nihil
313 2754 349 2813 de
366 2754 402 2812 iis
420 2753 649 2827 constituissent,
668 2773 683 2812 a
701 2754 827 2832 populo,

61 2844 110 2917 qui
123 2843 318 2902 Antenoridas
328 2842 358 2900 in
373 2842 501 2900 hostium
521 2841 587 2900 loco
602 2840 722 2916 habuit,
743 2861 828 2900 eausa

61 2930 222 3008 dijudicata
244 2932 332 2990 luisse
355 2930 479 2990 uidetur.
513 2933 574 2988 Hac
598 2931 710 2987 ratione
732 2929 828 2986 omnia

64 3021 177 3098 egregie
193 3019 378 3078 conveniunt.
391 3023 522 3078 Antenor
534 3015 674 3094 Trojanus
692 3017 763 3088 fuit,
781 3017 828 3075 id·

65 3125 156 3184 eoque
172 3108 282 3179 hostis3
294 3107 402 3166 Graecis
417 3105 524 3166 auxilio
537 3106 600 3179 luit,
616 3102 740 3184 ideoque
754 3105 828 3163 ami-

65 3215 122 3253 cus.
146 3201 262 3256 Ducum
287 3196 378 3274 igitur
401 3213 486 3273 pares
513 3193 677 3264 sententiae3
703 3193 829 3270 populus

63 3296 159 3343 autem
176 3306 240 3344 non
259 3297 341 3343 curat
356 3281 495 3343 beneficia
519 3283 548 3340 iu
571 3281 747 3360 potentiores
765 3283 827 3340 col-

63 3372 128 3430 lata.
141 3377 211 3432 Non
232 3393 297 3432 curn
311 3371 418 3434 Graecis
438 3379 566 3430 Antenor
586 3390 602 3428 e
622 3369 716 3447 patria
737 3371 828 3447 profi-

64 3461 190 3535 ciscitur,
206 3483 222 3520 a
237 3459 343 3538 quibus
357 3458 463 3536 injuria
482 3479 513 3518 se
532 3457 667 3516 allectum
690 3456 830 3535 conqueri

66 3551 168 3624 potuit,
185 3571 245 3608 non
258 3569 324 3608 cum
337 3552 429 3607 AEnea
447 3547 649 3624 Trojanisque,
662 3544 767 3624 quibus
782 3546 829 3602 in-

66 3636 140 3695 visus
155 3638 219 3712 luit,
234 3636 285 3698 sed
297 3657 362 3696 cum
376 3635 502 3710 Venetis,
516 3635 632 3714 quibus,
646 3653 736 3712 equum
749 3634 829 3692 auai-

65 3722 133 3782 lium
155 3726 292 3804 'l'rojanis
312 3725 401 3784 laturi
426 3724 589 3795 venissent,
613 3734 647 3779 ut
668 3720 827 3798 Trojaaus,

65 3814 173 3873 amicus
189 3815 252 3887 fuit,
264 3833 359 3892 neque
375 3813 494 3885 invisus,
505 3812 576 3889 quia
587 3810 750 3868 certaminis
765 3829 830 3887 par·

66 3899 165 3978 ticipes
179 3923 240 3960 non
255 3900 558 3961 fueranthcessario
574 3910 669 3957 autem
686 3897 717 3956 hi
728 3897 760 3954 in
776 3909 830 3954 tra-

66 3989 186 4064 goediam
203 3987 470 4062 introducebantur,
482 3998 514 4046 ut
532 3998 764 4064 cognosceretur,
777 4004 830 4042 cur

68 4081 191 4136 Antenor
201 4097 266 4136 curn
281 4076 346 4135 filiis
355 4077 385 4135 in
396 4074 621 4134 remotissimum
634 4072 720 4131 maris
731 4071 831 4130 Adria-

70 4161 115 4219 tici
133 4165 228 4223 sinum
244 4183 305 4224 sese
322 4164 478 4222 conferret.

105 4253 148 4310 lle
169 4253 380 4332 compositione
401 4250 544 4329 tragoediae
563 4247 636 4307 nihil
657 4247 716 4306 dici
735 4259 832 4325 potest

69 4338 121 4396 nisi
135 4345 311 4400 Venetorum
328 4341 431 4400 darcem
444 4339 529 4398 initio
544 4336 743 4396 introductum
758 4355 830 4409 esse,

69 4427 117 4500 qui
134 4429 255 4487 fortasse
276 4449 310 4488 ea
324 4429 388 4507 ipsa
399 4440 485 4486 nocte
504 4446 561 4504 qua
579 4422 667 4501 Troja
682 4435 774 4516 ‘capta
788 4437 832 4484 est

70 4513 104 4571 ad
117 4527 222 4576 terram
235 4517 357 4596 appulit.
372 4520 415 4574 De
427 4515 558 4594 personis
575 4513 647 4570 nihil
663 4525 764 4570 notum
778 4525 831 4570 est.

70 4605 312 4666 Antenoridarum
334 4605 440 4664 chorus
464 4603 584 4662 sortasse
599 4600 668 4669 luit,
682 4600 707 4658 si
727 4619 763 4657 cx
777 4620 830 4656 no-

71 4690 143 4750 mine
164 4693 331 4772 conjectura
351 4694 414 4772 capi
435 4704 540 4772 potest.
562 4695 738 4749 Venetorum
753 4687 830 4757 duci,

71 4779 128 4854 qui,
145 4801 232 4859 quam
246 4781 287 4841 ob
308 4801 368 4841 rem
386 4780 516 4852 venerit,
538 4776 635 4836 verbis
645 4774 831 4854 jactabundis

73 4872 212 4946 exposuit,
228 4872 346 4950 quidam
361 4889 461 4930 versus
473 4869 546 4929 Attii
560 4866 751 4925 conveniunt:

1580 447 1635 502 2⁷⁵

913 558 1035 630 Namque
1046 557 1101 616 huc
1114 559 1226 620 advenio
1240 567 1271 618 ut
1282 575 1405 715 meiebie
1417 577 1483 636 opes
1493 565 1584 640 'froja
1597 568 1638 626 ln·

1393 656 1436 700 em
1453 660 1460 696 :

879 717 908 764 el

912 823 1040 880 Fortasse
1056 839 1091 879 an
1104 822 1160 882 sint
1173 841 1243 899 quos
1257 824 1303 883 hic
1315 835 1414 886 mertet
1425 837 1531 898 metus3

879 921 982 984 deinde
999 926 1124 986 incertus
1137 928 1208 1006 quid
1224 929 1321 1006 faciat,
1334 951 1406 990 num
1422 933 1518 991 statim
1536 952 1638 1012 aggre-

878 1010 975 1071 diatur
988 1014 1100 1074 hostesr

914 1143 987 1215 Quin
1000 1150 1049 1200 aut
1063 1143 1173 1201 illorum
1186 1145 1216 1201 in
1228 1160 1325 1218 campo
1338 1143 1452 1203 fundam
1466 1149 1558 1220 copias

914 1229 963 1279 aut
973 1238 1057 1280 naves
1071 1239 1150 1280 uram
1164 1230 1213 1280 aut
1225 1232 1313 1281 castra
1326 1225 1449 1283 mactabo
1464 1225 1493 1282 in
1506 1242 1593 1284 mare.

879 1352 934 1412 Sed
952 1353 1012 1430 jam
1037 1353 1160 1413 sinistris
1187 1354 1359 1433 quibusdam
1388 1357 1476 1434 signis
1502 1369 1639 1430 terretur,

879 1439 984 1517 quibus
1008 1461 1097 1520 quum
1118 1455 1278 1502 commotus
1299 1443 1337 1501 sit
1357 1443 1569 1519 vehementius,
1592 1444 1640 1505 die

879 1542 1036 1608 apparente
1048 1530 1185 1590 nuncium
1226 1530 1262 1590 ui
1277 1529 1395 1607 Trojam
1409 1543 1521 1610 captam
1541 1532 1640 1612 refert,

878 1617 975 1676 videt:

915 1727 969 1785 Sed
982 1727 1043 1802 qula
1056 1727 1101 1786 hic
1114 1729 1215 1804 estqui
1228 1730 1394 1786 matutinum
1408 1744 1519 1790 cursum
1533 1732 1588 1790 huc
1600 1747 1641 1792 ce·

1244 1807 1364 1867 leranter
1375 1809 1464 1882 rapit?

880 1927 924 1981 Ita
940 1923 990 2000 qui
1003 1923 1090 1982 modo
1107 1929 1222 1984 Graecos
1235 1945 1266 1984 se
1280 1943 1448 1984 eversurum
1464 1945 1525 1985 esse
1546 1945 1642 2004 spera·

881 2011 937 2083 vit,
946 2009 1007 2087 jam
1019 2023 1062 2070 est
1079 2013 1120 2070 ita
1139 2013 1169 2069 in
1187 2011 1304 2071 illorum
1326 2032 1423 2083 manu,
1446 2025 1478 2070 ut
1500 2013 1641 2091 quidquid

880 2099 1066 2172 constituant,
1078 2100 1104 2158 ei
1123 2101 1159 2157 sit
1169 2100 1381 2178 accipiendum.
1392 2104 1462 2175 Quae
1476 2099 1580 2159 deinde
1595 2121 1642 2160 se-

881 2200 947 2247 cuta
962 2187 1035 2258 sint,
1050 2188 1179 2268 ignotum
1195 2200 1251 2262 est,
1262 2189 1318 2246 nisi
1332 2188 1410 2266 quod
1423 2208 1513 2247 unum
1528 2208 1642 2247 versum

882 2275 1030 2335 tribuerim
1043 2276 1185 2334 Antenori
1197 2296 1248 2335 sua
1261 2277 1361 2335 merita
1374 2276 1554 2355 predicanti,
1564 2278 1642 2355 quod

882 2363 973 2421 facem
987 2363 1098 2422 tollenti
1110 2365 1213 2424 Sinoni
1226 2365 1334 2423 auxilio
1348 2365 1443 2423 strerit.
1457 2369 1547 2423 Vocat
1566 2366 1641 2424 illam

882 2451 971 2510 lacem
985 2449 1100 2530 (Athen.
1115 2455 1169 2525 xt,
1183 2471 1213 2529 p.
1226 2452 1294 2525 373,
1310 2451 1365 2530 D):

882 2592 964 2672 [152]
991 2571 1105 2679 ὄρνιθα
1119 2587 1171 2655 καὶ
1185 2591 1301 2680 κήρυκα
1316 2585 1368 2654 καὶ
1385 2577 1535 2655 διάκονον.

881 2725 1086 2801 Agamemnoni
1103 2722 1254 2784 tribuerim
1266 2741 1381 2782 versum
1392 2722 1464 2780 Attii
1475 2743 1483 2779 r

1267 2847 1312 2906 Ad
1323 2849 1454 2923 populum
1466 2849 1596 2924 intellege

917 2926 1112 3064 ppleqqundum,
1127 2927 1256 3004 quoniam
1267 2928 1366 2988 horum
1378 2929 1492 3003 aequiter
1502 2929 1644 2988 sententias

883 3133 1008 3212 Reliqua
1032 3132 1190 3209 fragmenta
1219 3128 1389 3190 obscuriora
1408 3142 1476 3189 sunt
1497 3149 1584 3207 quam
1611 3143 1643 3188 ut

882 3223 1020 3301 explicari
1035 3220 1156 3298 possint.
1168 3219 1304 3296 Hesych,
1319 3213 1644 3300 [153]ιάριψιασιίρην,ι

882 3308 1054 3392 decipitque,
1067 3307 1188 3366 fortasse
1199 3307 1356 3365 Antenoris
1370 3318 1423 3379 est,
1436 3306 1486 3384 qui
1500 3324 1518 3363 a
1532 3306 1645 3363 Prmmo

882 3416 914 3456 se
925 3397 1076 3456 recessisse
1086 3396 1126 3452 ait
1144 3393 1234 3472 idque
1246 3395 1337 3454 refert
1358 3394 1434 3450 inter
1454 3392 1554 3450 laudes
1572 3411 1644 3449 suas.

882 3485 996 3544 Deinde
1009 3483 1085 3542 idem
1099 3482 1236 3559 Hesych,
1255 3477 1338 3563 [isti
1348 3507 1361 3532 ι
1371 3478 1546 3553 &dadastana
1565 3480 1644 3537 ἐκαα·

883 3575 982 3632 λεῦσαι.
1000 3572 1032 3631 Σ.
1046 3573 1075 3630 ίν
1088 3568 1288 3651 Ἀντηνορίδαις.

1196 3739 1328 3762 ⁴0-—

1168 3837 1358 3902 GAPTIVAE.

923 3981 1157 4054 «Argumentum
1176 3968 1334 4048 eTrojana
1357 3966 1479 4026 historia
1497 3978 1645 4044 sumptum

882 4066 966 4125 docet
981 4074 1082 4122 auctor
1095 4058 1291 4137 hypotheseos
1304 4054 1409 4132 Ajacis.
1421 4052 1554 4132 Agebant
1567 4053 1598 4111 in
1612 4073 1646 4112 eo

882 4151 1016 4230 Trojanae
1028 4149 1162 4208 mulieres
1173 4146 1304 4224 captivae,
1316 4156 1349 4203 ut
1361 4144 1390 4202 in
1403 4143 1521 4202 Troasin
1534 4142 1645 4218 Euripi·

884 4242 948 4300 dis:
968 4239 1018 4300 sed
1032 4237 1146 4297 diversa
1166 4234 1220 4293 suit
1234 4231 1376 4292 tractandi
1393 4231 1467 4294 ratio
1482 4249 1567 4309 quam
1583 4229 1647 4286 iniit

885 4328 1050 4409 Sophocles.
1069 4331 1216 4401 Quantum
1234 4322 1309 4380 enim
1332 4341 1369 4380 ex
1382 4319 1493 4400 exiguis
1518 4315 1647 4393 reliquiis

884 4418 1026 4498 conjicere
1033 4415 1109 4486 licet,
1115 4411 1269 4490 satyricum
1281 4409 1335 4468 suit
1346 4413 1401 4467 hoc
1411 4407 1520 4464 drama.
1530 4429 1541 4454 ν
1551 4405 1646 4460 Brun-

884 4509 965 4566 rlr'us.
988 4501 1200 4564 Grammaticus
1229 4499 1280 4577 qui
1302 4495 1419 4573 scripsit
1445 4503 1645 4569 argumentum

884 4595 991 4675 Ajacis,
1001 4593 1069 4652 satis
1079 4591 1200 4650 idoneus
1217 4586 1295 4646 testis
1304 4597 1348 4644 est
1359 4581 1483 4642 subulam
1494 4577 1644 4654 satyricam

885 4703 944 4742 non
959 4681 1055 4741 fuisse.
1076 4679 1164 4738 Multi
1184 4672 1358 4735 Bruuclrium
1374 4668 1464 4728 secuti
1481 4678 1556 4725 sunt.
1575 4667 1643 4722 Fra·

885 4783 999 4850 gmenta
1007 4781 1103 4828 autem
1115 4779 1172 4824 tam
1182 4775 1248 4822 sunt
1256 4763 1415 4830 incerta,ut
1424 4759 1472 4813 vix
1480 4752 1644 4851 conjectura

886 4859 1062 4938 assequaris,
1083 4855 1152 4934 quid
1173 4863 1257 4931 poeta
1273 4849 1303 4907 in
1323 4844 1461 4925 tragoedia
1478 4848 1646 4919 exposuerat

73 4997 1649 5048 Μ.

418 5125 479 5177 tao.

140 5211 228 5268 Homo
242 5217 286 5268 est
297 5207 379 5269 ssatus
392 5216 420 5267 et
431 5205 529 5266 umbra
541 5204 642 5265 solum.

1236 5103 1297 5154 152.

957 5193 1109 5276 Augurium
1123 5197 1151 5249 et
1163 5202 1317 5263 praeconem
1331 5194 1359 5244 at
1372 5181 1540 5303 adjutorepp2
