3740 5790
286 405 563 478 Ε’ΥΜΕΝΙΔΕΣ.

104 546 241 611 οὗτύποτ’
255 537 329 608 εἶπον
343 548 506 628 μαντικοῖσιν
521 549 547 606 ἐν
561 546 673 633 θρόνοις,

104 641 148 700 οιίκ
161 635 266 721 θνδρδς,
281 639 311 697 οὗ
325 637 460 718 γυναικὸς,
475 641 505 698 ού
519 636 708 722 πόλεωςπέρι,

103 727 117 787 θ
131 726 166 806 μή
181 725 300 788 ’κέλευσε
313 725 378 795 zeta
393 725 549 806 Ὀλυμπίων
562 726 661 810 πατήρ.

106 815 142 877 Τὸ
155 813 201 894 μίν
215 814 319 877 δίκαιον
330 814 411 890 τοῦθ’,
429 813 491 876 ὅσον
505 815 605 897 σθένει,
620 821 722 897 μαθεῖν,

61 927 92 967 εει
105 907 178 988 βουλῇ
188 903 334 990 πιφαύσκω
348 907 371 965 δ’
387 903 454 985 ὔμμ’
467 905 626 967 ἐπισπέσθαι
640 904 747 994 πατρός.

102 990 194 1077 Ὅρκος
204 992 256 1078 γδιρ
269 993 326 1055 ούτι
339 993 424 1068 Ζηνδς
436 994 522 1078 ἰσχύει
533 993 622 1057 πλέον.

367 1099 480 1149 ΧΟΡΟΣ.

104 1171 176 1248 Ζεύς,
190 1175 225 1242 ῶς
236 1169 325 1252 λέγεις
339 1169 386 1248 σύ,
399 1171 474 1232 τόνδε
488 1173 611 1256 χρησμδυ
624 1173 731 1252 ῶπαστ,

104 1261 199 1346 φρόζειν
213 1259 332 1344 Ὀρίστη
346 1262 413 1345 τῶδε
426 1261 458 1323 τδ
471 1261 570 1346 πατρθς
583 1261 660 1350 φόνον

103 1351 228 1434 πράξαντα
242 1349 345 1436 μητρδς
358 1353 483 1432 μηδαμοῦ
496 1351 576 1434 τιμθς
588 1353 689 1435 νίμειν;

338 1454 507 1507 ΑΠΟΛΛΩΝ.

59 1550 90 1590 ιω
101 1527 194 1612 Ούγγοίρ
206 1552 233 1588 τι
244 1526 344 1590 reads
358 1527 441 1613 ἄνδρα
454 1528 571 1610 γενναῖον
583 1529 669 1592 θανεῖν

104 1615 232 1687 διοσδότοις
245 1617 408 1702 σκήπτροισι
420 1615 648 1702 τιμαλφούμενον,

103 1707 234 1768 καὶταῦτα
248 1707 316 1792 πρδς
329 1707 466 1790 γυναικὸς,
481 1706 512 1768 ού
523 1732 549 1768 τι
561 1708 672 1792 θουρίοις

102 1796 176 1868 τόξοις
188 1797 367 1874 ἔκηὸόλοισιν,
381 1799 444 1859 ὥστ’
458 1798 609 1879 Ἀμαζόνος,

104 1888 156 1948 ἀλλ’
167 1892 200 1957 ὡς
213 1886 323 1950 όκυύσει
338 1885 450 1957 Παλλδς
461 1885 522 1949 οἵτ’
536 1887 659 1971 ἐφήμενοι

59 1997 91 2040 tao
102 1976 172 2062 ψήφῳ
184 1979 293 2062 διαιρεῖν
307 1979 386 2038 τοῦδε
399 1976 555 2061 πράγματος
567 1977 638 2062 πέρι.

103 2067 160 2127 'aab
171 2066 308 2150 στρατείας
322 2066 376 2150 γάρ
390 2090 435 2147 μιν
449 2067 626 2147 ἠμποληκότα

103 2156 133 2216 ab
143 2158 241 2218 πλεῖστ’
254 2155 375 2238 ἀμείνον’
390 2156 510 2241 εὔφροσιν
525 2156 667 2240 δεδεγμένη

104 2246 182 2330 δροίτῃ
187 2291 197 2325 ,
212 2250 331 2332 περῶντι
344 2245 459 2332 λουτρὰ,
475 2247 542 2308 κάπὶ
556 2247 667 2330 τέρματι

104 2345 174 2421 φᾶρος
185 2337 402 2422 παρεσκήνωσεν,
416 2339 443 2397 ἐν
457 2338 481 2397 δ’
496 2337 619 2420 ἀτέρμονι

59 2446 91 2486 τα
101 2425 180 2488 κόπτει
193 2427 325 2502 πεδήσασ’
340 2427 423 2510 ἄνδρα
437 2426 554 2510 δαιδάλῳ
568 2427 673 2512 πέπλῳ.

104 2515 194 2600 Ἀνδρθς
205 2516 253 2598 μὲν
268 2518 334 2600 ὑμῖν
350 2509 423 2587 οὗτος
437 2517 540 2600 εἴρηται
555 2517 637 2602 μόρος

104 2611 142 2665 τοῦ
155 2605 348 2689 παντοσέμνου,
361 2612 408 2668 τοῦ
422 2605 604 2691 στρατηλάτου
618 2609 693 2672 νεῶν.
720 2651 722 2654 -

103 2695 200 2772 Ταύτην
212 2697 340 2772 τοιαύτην
355 2687 437 2773 ε’ίπον,
451 2699 486 2766 ὡς
500 2699 585 2781 δηχθῇ
599 2696 678 2773 λεὼς,

104 2784 177 2871 ὅπερ
186 2786 313 2850 τέτακται
327 2786 406 2862 τήνδε
420 2791 538 2870 κυρῶσαι
552 2786 638 2863 δίκην,

364 2893 476 2940 ΧΟΡΟΣ.

62 2982 92 3023 uo
102 2963 196 3047 Πατρδς
206 2975 327 3050 προτιμᾷ
343 2964 409 3035 zet<
423 2964 502 3049 μόρον
517 2968 556 3049 τῷ
570 2965 708 3050 τῷλόγῳ,

104 3053 171 3122 αύτδς
183 3054 203 3114 δ’
216 3053 294 3129 ἔδησε
309 3053 414 3138 πατέρα
426 3053 577 3138 πρεσύύτην
592 3055 702 3139 Κρόνον.

105 3146 161 3212 Πῶς
172 3149 253 3206 ταῦτα
265 3142 370 3214 τούτοις
383 3147 431 3204 ούκ
443 3144 566 3215 ἐναντίως
579 3143 681 3227 λίγειςς

106 3231 181 3312 ‘ipae
194 3235 216 3295 δ’
230 3232 337 3318 ἄκούειν
350 3235 425 3296 ταῦτ’
440 3233 492 3315 ἐγὼ
509 3232 688 3320 μαρτύρομαι.

340 3338 505 3387 ΑΠΟΛΛΩΝ.

106 3400 137 3472 Ὦ
149 3416 294 3492 παντομισῆ
311 3411 453 3493 κνώδαλα,
466 3409 549 3494 στύγη
565 3417 639 3490 θεῶν,

65 3519 94 3560 tta
104 3499 174 3570 πέδας
188 3499 233 3582 μὲν
245 3502 276 3562 ἂν
290 3501 406 3578 λύσειεν,
421 3501 478 3562 ἔστι
488 3501 560 3564 τοῦδ’
574 3501 650 3579 ἄκος,

107 3589 146 3650 καί
159 3590 239 3674 κάρτα
252 3590 343 3666 πολλή
359 3591 468 3674 μηχανή
482 3590 612 3676 λυτήριος·

107 3679 186 3763 ἐνδρδς
198 3681 219 3742 δ’
233 3681 341 3744 ἐπειδᾶν
356 3676 414 3764 αἷμ’
430 3681 573 3764 ἀνασπέση
587 3680 656 3751 κόνις

109 3769 169 3840 ἅπαξ
183 3770 317 3846 θανόντος,
331 3769 402 3840 υύτις
415 3769 470 3832 ἐστ’
485 3770 637 3842 ἀνάστασις.

108 3855 202 3920 Τούτων
215 3861 319 3946 ἐπῳδὰς
332 3863 379 3920 οὐκ
393 3859 515 3934 ἐποίησεν
528 3858 618 3944 πατήρ

67 3963 98 4004 Μ
108 3946 186 4025 ulpio,
198 3948 231 4010 τθ
243 3951 266 4012 δ’
280 3950 353 4012 ἄλλα
366 3947 445 4011 πέντ’
458 3948 513 4010 ἄνω
526 3947 615 4012 τεκαὶ
629 3949 703 4010 κύτω

110 4035 212 4122 στρίφων
226 4038 338 4118 τίθησιν,
353 4038 426 4100 abab
440 4038 592 4120 ἀσθμαίνων
608 4037 689 4119 μένει.

365 4146 477 4193 ΧΟΡΟΣ.

109 4217 164 4288 Πῶς
175 4219 223 4305 γθρ
234 4219 264 4281 τδ
277 4218 382 4305 φεύγειν
396 4219 467 4280 τοῦδ’
480 4217 627 4302 ύπερδικεῖς
640 4217 697 4302 δρα·

109 4304 235 4392 τδμητρδς
248 4301 305 4392 αἷμ’
320 4307 436 4389 ὅμαιμον
449 4309 543 4392 ἐκχέας
557 4305 644 4391 πέδῳ,

111 4393 180 4458 ίπιιτ’
192 4403 217 4460 ἐν
229 4397 318 4484 Ἀργει
331 4397 433 4479 δώματ’
447 4397 549 4473 οἰκήσει
562 4397 675 4481 πατρός,

69 4501 100 4542 tta
110 4485 195 4550 ποίοισι
209 4494 304 4572 βωμοῖς
316 4486 453 4572 χρώμενος
466 4489 520 4557 τοῖς
534 4487 650 4566 δημίοις;

61 4638 63 4646 ,
112 4575 166 4636 τοία
178 4577 204 4639 δέ
215 4578 307 4665 χέρνιψ
321 4577 459 4663 φρατόρων
471 4576 641 4662 προσδέξεται
648 4601 658 4656 3

337 4681 502 4734 fflOAAssN.

114 4753 161 4814 list
172 4761 243 4819 τούτο
256 4757 335 4833 λέξω,
350 4757 397 4818 καί
410 4757 471 4838 μέθ’
486 4761 521 4828 ὣς
535 4759 617 4840 ὀρθῶς
629 4758 689 4842 ἐρῶ.

114 4843 165 4903 Οὐκ
175 4843 227 4907 ἐστι
239 4847 327 4932 μήτηρ
339 4851 357 4923 ἡ
371 4845 534 4928 κεκλημένου
547 4845 639 4909 τέκνου

113 4933 203 5012 τοκεύς,
216 4937 306 5022 τρσφδς
318 4937 346 4998 δέ
357 4935 475 5018 κύματος
488 4936 638 5022 νεοσπόρου·

74 5031 102 5076 Ι)
111 5017 183 5083 τίκτει
195 5023 215 5084 δ’
228 5029 243 5086 θ
256 5025 389 5109 θρύοκων,
402 5030 420 5099 ἦ
435 5025 458 5086 δ’
473 5025 542 5110 ἅπερ
557 5025 620 5110 ξένῳ
634 5024 694 5101 ξένη

115 5105 198 5172 ίαυαιν
211 5111 292 5199 έρνος,
303 5115 329 5200 †
340 5107 393 5178 οἷον
408 5112 434 5199 †
449 5114 486 5197 μὴ
503 5115 593 5199 βλέψῃ
608 5115 672 5186 θεός.

113 5199 248 5289 Τυιμήριον
260 5205 288 5265 δέ
300 5203 377 5268 τοῦδέ
392 5229 433 5267 σοι
450 5203 526 5277 δείξω
538 5203 628 5286 λόγου.

112 5287 198 5374 Πῦπλρ
208 5290 254 5373 μίν
267 5291 299 5356 δν
312 5294 405 5380 γίνοιτ’
421 5293 483 5358 ἄνευ
497 5293 604 5379 μητρός·
617 5293 700 5366 πέλας

128 5403 248 5448 milam.

1112 423 1385 506 nunnnrnas
1588 441 1645 498 ιιι

864 554 994 618 Nunquam
1003 552 1028 606 iu
1039 553 1139 607 sedibus
1147 556 1251 608 fatidicis
1260 556 1396 625 quidquam
1405 561 1484 626 edidi,

864 653 912 691 non
921 640 1026 706 dasiro,
1036 657 1085 695 non
1096 644 1127 696 da
1135 645 1224 698 lamina
1230 685 1238 712 ,
1249 648 1423 716 madauris,

863 731 928 795 quod
941 745 980 783 me
988 733 1084 798 Jupiter
1094 734 1263 801 Olympiorum
1272 743 1342 803 pater
1351 740 1515 804 nonjusserlt.

862 819 961 884 fluuius
969 834 1029 874 vero
1037 825 1253 890 quantunsdeaq
1264 840 1407 892 cognoscere

863 909 1010 977 oonsilioque
1019 913 1095 978 patris
1103 914 1205 981 obsequi
1211 930 1257 968 vos
1262 915 1345 980 iubeo.

863 1000 1039 1066 Jusjurandum
1047 1003 1113 1056 enim
1120 1005 1188 1056 uallo
1196 1005 1269 1057 modo
1277 1009 1340 1058 Jove
1349 1005 1404 1070 plus
1412 1007 1485 1058 salet.

1196 1109 1328 1157 CHORUS.

862 1175 966 1240 Jupiter,
976 1181 1005 1230 ut
1014 1178 1043 1232 tu
1052 1179 1102 1245 ais,
1111 1180 1159 1232 hoo
1168 1179 1212 1234 tibi
1222 1184 1347 1234 oraculum
1355 1184 1474 1248 praebuit,

862 1267 892 1316 nt
900 1265 994 1320 hunooe
1005 1271 1116 1321 ονοιίουι
1124 1271 1225 1335 juberes
1234 1273 1310 1337 putris
1320 1273 1387 1325 oaede

863 1353 999 1408 uleisoanda
1007 1359 1169 1412 reverentiam
1180 1361 1252 1412 matri
1260 1361 1327 1413 nullo
1337 1361 1410 1414 modo
1421 1361 1526 1416 babere?

1185 1471 1313 1516 apollo.

841 1583 843 1598 ,
862 1534 957 1587 Etenim
966 1537 1088 1590 nunidem
1097 1539 1135 1592 est
1144 1540 1226 1592 virum
1235 1555 1379 1606 generosum
1391 1542 1468 1594 oooidi

840 1611 844 1640 ¹
861 1625 1040 1688 seeptriatove
1049 1627 1099 1680 dati
1109 1629 1200 1681 honore
1209 1630 1375 1694 nobilitatum,

861 1713 935 1778 idque
944 1729 958 1766 a
967 1717 1069 1770 muliere
1078 1731 1232 1784 naquaquam
1242 1720 1334 1772 bellicis

862 1801 917 1854 telis
926 1807 1021 1857 eminus
1029 1805 1113 1871 iactis,
1123 1809 1152 1860 ut
1160 1809 1191 1859 ab
1201 1815 1323 1862 Amazone
1329 1847 1337 1874 ,

861 1893 904 1944 sed
913 1893 947 1944 ita
955 1895 984 1947 ut
992 1895 1077 1949 audies
1084 1933 1092 1961 ,
1102 1897 1311 1964 blinerra‚hlque
1324 1901 1366 1964 qui
1376 1901 1484 1953 assident

861 1986 890 2034 nt
900 1983 1015 2049 sutimgio
1025 1999 1071 2037 suo
1081 2000 1179 2039 eausam
1188 1989 1328 2052 dijudioent.

861 2073 898 2122 Ex
906 2072 970 2125 bello
979 2075 1045 2126 enim
1055 2089 1112 2128 eum
1122 2091 1246 2130 reuersum
1253 2116 1261 2142 ‚
1269 2093 1346 2144 quum
1354 2079 1470 2144 gessisset

861 2161 975 2228 pleraque
983 2164 1084 2230 melius,
1094 2169 1165 2219 suavi
1174 2181 1285 2220 sermone
1294 2173 1422 2236 acceptum

861 2250 887 2302 in
896 2251 983 2305 balneo
989 2290 997 2317 ,
1007 2267 1085 2320 quum
1097 2256 1244 2310 lavationem
1254 2259 1379 2324 perficeret
1387 2265 1461 2326 atque
1470 2261 1496 2312 iu
1506 2259 1572 2312 exitu
1581 2263 1654 2324 esset,

862 2341 1036 2396 vestimentum
1045 2345 1068 2398 ei
1077 2345 1159 2410 injecit
1167 2351 1240 2412 atque
1250 2347 1368 2400 immenso

860 2431 991 2485 artifioloso
999 2433 1097 2486 indusio
1104 2434 1248 2501 impeditum
1257 2450 1314 2488 eum
1324 2438 1452 2502 percussit.

861 2525 898 2574 Ao
906 2521 954 2574 viri
963 2523 1062 2588 quidem
1072 2539 1125 2577 sure
1134 2525 1214 2578 tumis
1224 2527 1296 2578 vobis
1306 2531 1343 2579 est
1354 2511 1478 2592 exposita,

860 2611 1025 2675 augustissimi
1036 2613 1101 2665 illius
1107 2651 1115 2678 ,
1122 2615 1273 2680 imperatoris
1280 2615 1389 2668 narium.

860 2699 931 2752 Illam
939 2701 1013 2754 telem
1022 2715 1077 2754 esse
1086 2703 1153 2767 dieo,
1163 2708 1192 2755 ut
1200 2705 1339 2757 mordeatur
1351 2707 1442 2758 animo
1452 2703 1571 2770 populus,

861 2789 903 2856 qul
912 2790 973 2842 bano
981 2791 1094 2845 dirimere
1103 2794 1170 2846 litem
1178 2793 1263 2858 iussus
1272 2799 1319 2847 est.

1180 2903 1312 2948 enonas.
1571 2881 1653 2948 [tseit,

861 2969 942 3022 Patris
957 2971 1051 3024 oaedem
1064 2973 1160 3038 Jupiter
1170 2987 1201 3025 es
1210 2975 1252 3026 tua
1261 2973 1369 3025 oratione
1377 2971 1455 3038 pluris
1468 2985 1550 3039 ρααυι
1558 2974 1655 3024 metris

861 3058 915 3125 lpse
922 3073 981 3112 vero
989 3061 1093 3114 uinculis
1103 3076 1185 3114 mnam
1194 3065 1302 3128 patrem,
1313 3067 1454 3126 saturnum,
1464 3062 1619 3115 oonatrinnit.

862 3151 991 3211 Quomodo
1000 3153 1055 3204 bueo
1062 3153 1110 3205 illis
1118 3167 1168 3205 non
1176 3154 1297 3206 contraria
1306 3153 1384 3205 diois?

861 3243 913 3293 vos
923 3241 995 3306 vero,
1007 3246 1037 3293 ut
1047 3243 1101 3296 baso
1109 3242 1227 3309 audiatis,
1237 3244 1263 3296 in
1272 3243 1439 3296 testimonium
1447 3255 1519 3294 roeo.

1182 3353 1308 3397 nonno.

862 3422 1002 3474 oomnium
1011 3425 1116 3476 maxime
1124 3423 1292 3477 montranda
1300 3423 1463 3489 belum,odia
1471 3426 1590 3488 deorum,

861 3511 959 3563 vineula
967 3513 1056 3578 aliquIs
1066 3515 1178 3576 solverit;
1189 3516 1227 3567 est
1235 3514 1309 3579 hujus
1317 3515 1352 3566 rel
1363 3515 1497 3569 remedium

861 3603 994 3668 multaeque
1002 3604 1108 3668 proiecto
1118 3604 1224 3656 rationes
1232 3604 1352 3656 fiberandi
1361 3609 1432 3657 sunt:

861 3707 937 3758 quum
946 3707 1005 3745 vero
1013 3695 1088 3746 semel
1097 3694 1177 3746 solum
1187 3693 1329 3758 sanguinem
1341 3693 1387 3744 riri
1396 3693 1547 3746 absorbuerit

861 3783 965 3845 mortui,
976 3783 1043 3834 nulla
1051 3787 1136 3847 postea
1144 3783 1217 3834 datur
1225 3782 1378 3835 resurreetio.

861 3871 941 3935 liuius
949 3871 984 3923 rei
993 3871 1174 3924 ineantamenta
1183 3875 1254 3938 pater
1261 3885 1312 3923 non
1319 3871 1388 3924 dedlt

861 3971 947 4023 meus,
955 3963 1035 4012 cetera
1043 3972 1102 4012 vero
1111 3963 1199 4012 cunata
1207 3973 1305 4014 sursum
1313 3960 1477 4027 deorsumque

861 4048 1151 4115 volvensordinat,nlhil
1160 4050 1375 4104 anhelusulribue.
1535 4100 1539 4108 .

1191 4159 1322 4204 unumne.
1508 4157 1573 4223 [das‚
1586 4157 1651 4210 vide.

861 4229 919 4280 Non
928 4226 966 4280 ud
975 4241 1032 4280 rem
1041 4231 1111 4288 istas
1120 4229 1243 4295 quomodo
1253 4231 1318 4282 enim
1327 4229 1401 4293 buius
1409 4228 1653 4282 innocentiamdelen·

862 4321 946 4378 Quum
954 4318 1039 4370 matris
1048 4319 1189 4383 sangninem
1197 4325 1325 4384 cognatum
1334 4319 1360 4372 in
1369 4323 1458 4372 terram
1467 4319 1614 4384 profuderit,

863 4412 916 4459 tum
924 4412 1009 4474 postea
1017 4409 1087 4474 Argis
1096 4410 1174 4475 patris
1183 4410 1284 4461 domun
1294 4410 1449 4462 habitaturus
1457 4413 1510 4464 esu

862 4497 1012 4558 Quibusnam
1021 4499 1180 4563 arispubliois
1190 4499 1319 4552 adsuere
1329 4501 1427 4553 utebar?

862 4601 918 4653 quae
927 4588 1038 4641 lustratio
1045 4589 1172 4654 gentilium
1181 4603 1238 4641 eum
1247 4589 1364 4654 aooipietl

1183 4697 1313 4745 tautae.

862 4767 942 4820 Etiam
951 4768 999 4820 boe
1008 4767 1101 4833 diuam,
1112 4771 1138 4820 et
1146 4769 1244 4822 attende
1253 4783 1326 4834 quam
1336 4772 1400 4822 recte
1412 4767 1499 4818 diram.

862 4861 916 4910 lton
925 4859 964 4910 est
972 4863 1050 4912 mater
1059 4861 1112 4924 ejus
1119 4896 1127 4923 ,
1135 4860 1177 4924 qui
1186 4859 1251 4910 ilius
1260 4859 1361 4921 dieitur,

861 4947 964 5011 qemtrix
970 4960 979 5011 ‚¹
989 4947 1032 4999 sed
1041 4947 1114 5000 altrix
1122 4947 1230 4998 humoris
1241 4946 1359 5010 genitalis.

863 5036 945 5099 Gignit
953 5036 995 5101 qui
1004 5036 1062 5100 init;
1071 5036 1112 5088 illa
1122 5049 1180 5088 vero
1189 5037 1307 5099 tanquam
1316 5033 1407 5099 hospiti
1418 5034 1517 5100 hospita

863 5125 944 5177 serrat
953 5138 1064 5191 germen,
1076 5139 1107 5178 ne
1116 5125 1150 5177 ita
1158 5124 1310 5178 reconditum
1319 5123 1379 5175 deus
1390 5123 1471 5176 laedat.

862 5216 942 5281 Hujus
952 5216 1077 5268 sententiae
1082 5218 1256 5280 argumentum
1267 5214 1312 5265 tibi
1322 5213 1432 5267 atteram.

862 5309 934 5360 Pater
943 5306 1008 5360 enim
1021 5307 1095 5360 etium
1104 5306 1156 5360 alne
1165 5309 1243 5358 matra
1252 5307 1324 5358 esset
1339 5303 1417 5372 Prope

1550 5401 1577 5448 lo
