3662 5786
550 425 1028 498 sornocnsrmeusuru.
1514 405 1566 504 ιὀι

13 579 76 618 vero
98 578 187 637 quum
208 570 307 638 postea
326 577 363 617 ex
385 577 468 616 servo
491 555 527 614 de
540 574 607 614 vera
624 553 761 632 poscendi
814 555 879 616 dam
889 557 1045 639 instigavit,
1059 563 1110 641 qui
1125 564 1190 625 ideo
1201 566 1321 629 fortasse
1334 568 1403 630 belli
1415 576 1571 636 secundum

14 667 91 707 causa
103 647 210 705 certior
223 647 316 705 sactus
326 658 412 718 esset,
423 646 612 704 Alcmaeonem
625 641 663 700 ab
677 641 761 719 hujus
814 659 948 706 eventum
967 650 1067 724 dedit,
1088 653 1166 731 quod
1189 667 1269 715 antea
1290 677 1307 716 a
1321 672 1412 719 matre
1432 663 1572 724 ultionem

13 735 69 794 filiis
80 755 141 794 esse
152 733 378 794 circumventum
388 732 520 806 insidiis;
540 731 690 790 Arsinmm
707 749 761 788 au·
815 735 905 808 patris
918 739 1107 814 repetiverat,
1122 762 1198 801 nunc
1211 745 1330 805 eandem
1348 749 1434 807 etiam
1456 771 1472 808 a
1493 752 1573 812 The·

15 837 65 882 tem
76 844 91 882 a
102 828 174 882 Jove
188 837 333 902 precatam
344 869 353 898 ,
366 835 399 881 ut
412 823 458 882 sui
472 841 506 880 ex
520 820 682 878 Alcmaeone
693 819 760 890 lilii,
814 818 896 880 banis
907 826 1011 901 exegit.
1027 833 1066 884 Aa
1089 830 1185 906 potuit
1199 833 1327 910 expiari,
1344 856 1517 914 quamquam
1531 839 1573 897 illi

13 931 92 990 quum
106 911 313 984 adolevissent,
329 923 440 988 patrem
458 908 674 968 ulciscerentur.
694 909 761 964 Haec
814 907 843 965 in
858 912 981 987 patriam
998 913 1092 973 redire
1101 936 1159 974 non
1174 917 1264 992 licuit,
1280 934 1311 978 ut
1322 925 1416 982 Oresti
1424 943 1482 983 non
1490 925 1573 985 licuit

12 997 199 1077 Apollodorus
213 999 260 1077 (cl.
275 1005 395 1058 Pausan.
410 1001 488 1069 VIII,
507 1005 554 1066 al,
571 995 620 1073 9);
634 994 688 1052 alia
705 995 760 1052 ha·
814 1006 880 1055 unte
902 997 1044 1076 judicium
1066 1007 1315 1084 Areopagitarum.
1337 1013 1469 1089 Denique
1492 1013 1572 1090 quod

12 1085 55 1144 bet
78 1085 224 1144 Diodorus
247 1085 304 1145 Sic.
332 1086 389 1157 lv,
411 1085 459 1144 66.
479 1086 587 1142 Verum
612 1081 700 1140 schol.
725 1079 761 1139 ad
814 1084 941 1161 lecerat,
956 1087 1011 1147 diis
1025 1103 1138 1168 gratum
1155 1094 1263 1155 lactum
1276 1097 1347 1168 luit,
1363 1099 1442 1177 quod
1464 1101 1573 1179 pietate

13 1173 107 1249 odyss.
119 1179 154 1244 Δ,
169 1173 225 1231 3α6
237 1195 243 1230 :
257 1171 414 1254 Ἀμφιάραος
427 1175 441 1231 t
453 1168 581 1238 Ἰοκλέους
592 1167 762 1251 γήμαςἘρι·
814 1187 881 1248 erga
898 1186 1010 1251 patrem
1035 1191 1231 1258 perpetratum
1250 1185 1312 1243 luit.
1340 1189 1455 1245 Doceat
1477 1201 1572 1248 autem

11 1260 87 1342 φίλην
106 1259 153 1332 rhu
174 1262 282 1321 Ταλαοῦ
305 1261 350 1319 καὶ
365 1258 502 1338 διενεχθεὶς
522 1256 587 1339 ύπέρ
603 1281 680 1317 τινων
698 1256 762 1338 πρὸς
815 1257 974 1338 fragmenta
990 1264 1115 1325 fabulam
1131 1269 1176 1346 agl
1187 1284 1339 1349 antequam
1353 1272 1460 1338 bellum
1478 1278 1572 1336 susci-

11 1347 144 1428 Ἄδραστον
155 1348 200 1407 καὶ
211 1349 291 1408 πάλιν
304 1347 442 1421 διαλυθεὶς,
456 1345 610 1428 θρκούμενας
624 1343 761 1423 ὡμολόγη·
814 1361 932 1425 peretur
951 1364 979 1410 et
991 1353 1131 1432 Eriphyla
1147 1358 1344 1433 occideretur,
1359 1376 1513 1442 utrumque
1527 1377 1573 1425 ta·

12 1458 50 1495 σεν
61 1436 124 1518 θπὲρ
138 1427 174 1496 ὧν
190 1433 221 1495 δν
237 1435 409 1518 διαφέρωνται
419 1434 483 1518 πρδς
494 1433 621 1506 ἀλλήλους
639 1431 715 1499 αύτύς
732 1455 761 1492 τε
814 1455 877 1495 men
896 1440 1078 1517 impendisse.
1091 1445 1215 1526 Reliqua
1232 1450 1263 1508 iu
1277 1451 1370 1510 medio
1384 1453 1572 1530 relinquenda

12 1524 51 1582 καὶ
63 1523 202 1603 Ἄδραστος
214 1522 361 1606 ἐπιτρίψειν
376 1522 520 1606 ’Ἐριφύλην
534 1521 629 1602 κρίνειν
643 1521 688 1580 καὶ
700 1519 760 1580 πεί-
813 1540 890 1588 sunt.
904 1535 1004 1608 Neque
1020 1552 1091 1593 vero
1104 1554 1348 1614 supervacaneum
1367 1562 1428 1602 esse
1443 1544 1572 1604 videatur

12 1615 92 1670 θεσθσι
105 1617 180 1690 αὐτῇ.
197 1609 275 1672 Meet
288 1611 316 1670 δὶ
328 1615 412 1672 ταῦτα
425 1608 566 1688 γενομένης
586 1612 632 1682 τῆς
647 1608 690 1668 lul
704 1609 762 1681 θύ-
813 1616 935 1676 cum'his
948 1625 1111 1699 comparari
1125 1645 1189 1704 quae
1203 1648 1290 1708 supra
1304 1651 1341 1690 ex
1359 1634 1477 1693 Homeri
1488 1634 1572 1693 scho-

13 1697 56 1768 ύας
72 1699 205 1782 στρατείας
217 1705 231 1759 ὁ
243 1699 290 1776 μὲν
304 1698 463 1780 Ἀμφιάραος
484 1697 614 1781 ἀπέτρεπε
630 1693 687 1763 τοὶς
704 1695 762 1778 Ἀρ-
813 1703 894 1762 liasta
905 1705 1117 1785 descripsimus.

12 1787 87 1862 μίους
113 1788 158 1846 καὶ
183 1785 229 1846 τὶν
257 1786 379 1866 Indueras
410 1786 514 1867 ὄλεθρον
547 1782 760 1868 spectamine·
853 1796 924 1864 Quae
944 1795 969 1853 si
992 1809 1068 1856 recte
1090 1799 1234 1880 disputata
1253 1817 1337 1878 suut,
1362 1809 1455 1886 Argos
1476 1811 1571 1869 locum

13 1873 128 1934 Λσὸοῦσα
142 1873 201 1947 δὶή
223 1874 351 1958 Ἐριφύλη
372 1873 415 1935 τδν
430 1872 509 1955 ίίρμον
526 1871 656 1956 naphaei
676 1873 761 1934 Πολυ-
814 1878 901 1938 luisse
913 1893 1001 1960 puta,
1017 1884 1065 1942 ubi
1078 1901 1162 1964 poeta
1180 1890 1304 1951 fabulam
1318 1896 1364 1972 agi
1380 1896 1487 1957 lecerit.
1505 1899 1572 1957 Eri-

12 1961 101 2028 νείκους
121 1961 166 2022 τὸν
186 1967 234 2036 τῆς
253 1961 403 2044 Ἁρμονίας,
420 1961 544 2044 προέθετο
566 1968 619 2029 τοῖς
633 1958 694 2040 περὶ
716 1959 761 2019 τὸν
813 1966 901 2046 phyla
917 1989 1001 2029 soror
1014 1973 1132 2034 Adrasti
1146 1976 1200 2037 ruit
1215 1981 1291 2058 regis
1303 1982 1485 2060 Argivorum.
1499 1986 1570 2064 Epi-

12 2047 144 2131 Ἀδραστον
163 2049 324 2132 βιαζομένοις
346 2049 391 2110 τὸν
415 2049 576 2133 Ἀμφιάραον
600 2048 689 2107 ἰδόντα
712 2047 760 2121 τὴν
813 2058 882 2133 goni
893 2059 960 2117 illuc
972 2076 1184 2138 convenerunt,
1200 2080 1232 2126 ut
1248 2055 1355 2128 bellum
1370 2071 1511 2131 Thebanis
1524 2074 1570 2132 in-

12 2140 58 2194 τιῒιν
73 2136 159 2221 δώρων
175 2138 308 2218 ὑποδοχὴν
326 2139 371 2200 καὶ
388 2137 476 2199 πολλὰ
493 2137 541 2211 την
556 2137 701 2219 Ἐριφύλην
717 2139 763 2196 ut·
812 2143 928 2204 ferrent.
942 2149 978 2206 Hi
994 2149 1050 2226 ipsi
1065 2151 1184 2212 chorum
1196 2157 1407 2216 constituerunt
1419 2159 1572 2236 tragoediae,

12 2225 160 2304 τιααάμενον
173 2229 219 2286 καὶ
235 2225 376 2308 ἐξορμῆσαι
388 2225 452 2310 πρὸς
463 2224 512 2298 erle
527 2225 680 2308 στρατείαν,
697 2225 760 2284 Ἀλ-
812 2251 871 2290 non
883 2247 993 2313 septem
1005 2236 1124 2314 quidem
1136 2239 1186 2312 illi,
1196 2243 1247 2320 qui
1256 2241 1364 2302 bellum
1376 2260 1572 2325 susceperunt,

13 2313 118 2390 κμαίωνι
142 2313 170 2373 dl
189 2313 332 2394 προστάξαι
354 2313 391 2391 μὴ
413 2312 538 2395 πρότερον
563 2312 629 2392 pasl
650 2317 702 2372 τῶν
716 2312 759 2372 ἐπὶ
813 2321 864 2380 sed
878 2341 1014 2383 numerus
1032 2345 1133 2386 eorum
1154 2329 1195 2387 ita
1211 2344 1313 2390 auctus
1347 2345 1378 2392 ut
1401 2334 1506 2394 chorus
1521 2355 1573 2394 ex·

13 2399 97 2472 Θάύας
118 2401 277 2483 πορεύεσθαι
304 2401 366 2484 πρὶν
386 2403 539 2461 ἀποκτεῖναι
568 2399 617 2473 τὴν
640 2399 760 2482 μητέρα·
813 2408 949 2486 pleretur.

11 2493 87 2548 ταῦτα
100 2488 127 2548 δὲ
147 2490 237 2549 πάντα
252 2491 344 2573 δρᾶσαι
357 2487 461 2568 λέγεται
475 2488 519 2548 τὸν
535 2487 702 2566 Ἀλκμαίωνα
715 2487 760 2547 καὶ
852 2499 976 2558 Videtur
987 2501 1070 2560 initio
1083 2504 1225 2582 tragoediae
1235 2507 1378 2566 Alcmaeon
1391 2510 1573 2573 introductus

11 2574 50 2634 διὶ
61 2575 106 2650 clv
120 2577 309 2659 μητροκτονίαν
323 2582 456 2656 μανῆναι,
467 2574 525 2643 aab<
539 2575 567 2635 δὲ
579 2573 648 2644 θεοὺς
662 2578 762 2636 duoli-
812 2604 874 2644 esse
896 2587 1023 2646 incertus
1045 2592 1115 2667 quid
1140 2591 1196 2651 sibi
1221 2594 1257 2652 sit
1277 2594 1453 2670 laciendum,
1476 2613 1572 2659 utrum

12 2685 53 2722 σαι
67 2669 112 2737 τῆς
130 2665 209 2726 νάσου
228 2665 304 2726 αύτδν
326 2664 369 2724 ht
390 2664 421 2725 τδ
443 2665 520 2730 ὁσίως
539 2661 709 2740 θπαμύνοντα
721 2669 761 2746 τῷ
812 2675 934 2752 Argiuos
945 2676 1081 2737 adversus
1091 2680 1206 2740 Thebas
1216 2680 1302 2740 ducat
1316 2702 1353 2742 an
1361 2697 1481 2744 matrem
1493 2689 1573 2764 prius

11 2751 82 2834 πατρί
98 2750 145 2825 τὴν
160 2752 266 2833 μητέρα
283 2754 531 2815 taurustaurus
546 2752 643 2812 eadem
664 2767 761 2812 narrat
812 2761 976 2824 interficiat.
993 2771 1071 2824 Inter
1085 2767 1146 2827 haec
1160 2783 1298 2829 memorat
1312 2772 1450 2850 Apollinis
1465 2794 1571 2834 oracu-

11 2841 168 2901 Eustathius
188 2842 225 2901 ad
249 2841 336 2902 eund.
350 2842 386 2914 l.,
407 2862 436 2920 p.
454 2843 542 2917 1689,
561 2843 587 2900 3.
609 2841 705 2901 Schol.
723 2842 760 2900 ad
812 2849 870 2907 lum
885 2850 962 2929 apud
977 2853 1088 2913 Attium
1106 2877 1117 2935 τΙ

11 2928 104 3005 Odyss.
114 2932 149 3002 0,
167 2918 394 2999 addrolxolder
406 2928 528 3008 Ὅμηρος
540 2927 583 2987 τὸν
595 2927 761 3007 Ἀλκμαίωνα
858 2986 865 3000 ,
921 2988 952 3002 ,,
1026 2989 1032 3004 ,
1550 3001 1557 3014 .
1599 2987 1601 2993 ,

11 3016 187 3098 μητροκτόνον.
202 3016 306 3077 strabo
322 3036 350 3095 p·
367 3020 467 3094 ΜΒ
481 3039 488 3073 :
502 3011 617 3096 Ἔφορος
631 3015 679 3094 pte
695 3038 760 3097 W
812 2987 877 3058 Qut,
900 3004 952 3046 msr
971 2997 1120 3063 genitorem
1135 2994 1201 3063 ullo,
1215 2994 1321 3089 nullam
1334 2996 1382 3089 dat
1399 2997 1481 3056 finem
1505 3016 1573 3058 mers

11 3101 48 3161 τὶν
68 3104 233 3183 Ἀλκμαίωνα
250 3103 318 3184 μετὰ
336 3103 384 3178 τὴν
403 3107 455 3163 τῶν
481 3101 628 3180 Ἐπιγόνων
652 3103 696 3162 Iul
713 3104 761 3172 τὰς
1059 3175 1067 3188 ἱ
1264 3090 1392 3133 mmmm·

11 3189 94 3262 θίύας
106 3194 244 3273 στρατείαν
257 3189 461 3273 παρακληθέντα
475 3189 526 3252 ύπδ
537 3190 683 3269 Διομήδους
696 3214 760 3252 ουν·
812 3189 850 3249 El
861 3190 938 3268 apud
951 3190 1032 3254 Stob.
1048 3197 1153 3268 xclx,
1169 3215 1207 3254 ao
1223 3219 1230 3256 ι
1248 3200 1280 3259 Σ.
1296 3198 1446 3283 Ἐριφύλη·

11 3279 130 3348 ιλθιῑνεῖς
144 3281 279 3342 Αἰτωλίαν
294 3283 375 3362 αύτῷ.
947 3343 964 3360 ..
1017 3332 1031 3361 e
1101 3337 1111 3362 Ι
1211 3309 1215 3316 ·
1356 3343 1368 3370 ,
1439 3342 1449 3365 Ι
1510 3345 1520 3368 Ι

44 3371 107 3427 Ilaec
130 3383 198 3428 sunt
220 3389 285 3447 quae
306 3369 342 3428 ad
366 3368 568 3448 explicandam
592 3369 760 3447 tragoediam
811 3333 893 3422 [²⁷⁹]
911 3335 982 3414 Πωθ
999 3362 1049 3404 ⁰⁰⁹
1067 3364 1213 3432 θαλωθαὶ
1229 3339 1336 3419 θνητὸς
1349 3368 1389 3410 ‘⁰⁹
1406 3342 1468 3434 ⁰¹¹⁶!
1483 3371 1572 3438 τυχθι

11 3454 123 3532 aliquem
138 3477 223 3516 usum
240 3456 345 3516 habere
358 3458 477 3536 possint.
493 3462 568 3518 suut
584 3469 680 3516 autem
693 3457 758 3536 ple-
911 3451 987 3517 ιίπου
1004 3452 1041 3518 τδ
1059 3444 1252 3533 detulilistis
1269 3447 1355 3522 ούδὶν
1370 3461 1492 3548 ὠφελεῖς

11 3560 90 3621 reque
110 3544 327 3606 obscurissima.
350 3548 417 3605 Non
446 3558 559 3604 constat
583 3559 678 3604 utrum
705 3546 758 3605 nl-

11 3649 107 3690 cmaeon
119 3647 239 3692 matrem
252 3635 329 3712 apud
339 3633 511 3712 Sophoclem
521 3645 588 3693 ante
597 3645 759 3712 susceptam

11 3721 215 3796 expeditionem
231 3743 267 3780 an
281 3733 347 3799 post
365 3720 472 3780 bellum
492 3733 665 3780 transactum
682 3721 759 3779 occi·

11 3804 83 3864 derit.
99 3811 262 3870 Welclrerus
276 3809 392 3888 quidem
403 3821 487 3888 putat
500 3807 576 3868 bello
594 3809 677 3867 linito
693 3807 758 3876 Eri-

11 3893 115 3968 phylam
128 3917 192 3956 esse
206 3909 298 3957 morte
309 3898 450 3957 allectam.
464 3897 557 3956 Facile
570 3915 639 3955 vero
651 3895 758 3954 intelli-

11 3981 77 4056 gitur
98 4004 203 4043 nomen
227 3987 426 4064 Epigonorum
456 4004 514 4043 non
539 3984 692 4043 convenire
718 3985 758 4042 illi

11 4072 163 4145 tententiae,
177 4073 226 4150 qui
242 4071 320 4133 bello
334 4083 478 4133 transacto
492 4073 523 4130 in
542 4091 621 4130 suam
635 4071 758 4150 quisque
847 4101 916 4180 280]
930 4100 974 4166 qq
991 4103 1088 4166 κοῖλον
1105 4083 1205 4195 A'pqoc
1217 4104 1251 4168 οὐ
1267 4109 1479 4181 κατοικήσαντι
1493 4107 1548 4174 s'tt.

811 4209 847 4265 Et
859 4204 931 4263 Attii
942 4227 948 4261 :

811 3595 913 3670 Neque
929 3593 1099 3653 incredibile
1112 3608 1155 3654 est
1170 3597 1280 3657 oraculi
1296 3599 1469 3658 mentionem
1484 3601 1573 3678 pluri·

812 3679 866 3740 bus
878 3681 992 3755 lactum,
1006 3696 1039 3742 ut
1049 3684 1137 3742 etiam
1151 3683 1221 3743 illud
1231 3686 1423 3763 responderit,
1435 3688 1573 3746 Alcmaeo-

810 3787 877 3826 nem
892 3789 951 3826 non
965 3790 1027 3829 esse
1047 3771 1077 3828 in
1094 3784 1241 3849 posterum
1267 3774 1349 3852 Argis
1365 3773 1570 3836 habitaturum.

811 3855 908 3915 Schol.
923 3857 958 3914 ad
973 3858 1062 3936 Soph.
1077 3859 1155 3920 oud.
1171 3864 1203 3920 C.
1219 3861 1276 3933 378
1290 3883 1298 3917 ι
1311 3863 1455 3941 Πολλαχυῦ
1467 3863 1497 3922 τὸ
1511 3863 1572 3945 Ἄρ-

811 3964 855 4022 γος
867 3943 953 4003 κοῖλόν
967 3968 1049 4027 φασι,
1063 3945 1180 4026 καθάπερ
1194 3946 1238 4006 καὶ
1250 3949 1277 4035 ἐν
1293 3946 1458 4029 Ἐπιγύνοις·

11 4162 119 4235 μαινίσιν]
134 4162 244 4240 delapsi
260 4177 336 4236 sunt,
348 4183 443 4242 neque
456 4181 524 4222 sane
538 4161 594 4221 ulla
608 4181 692 4220 causa
704 4162 758 4221 luit

11 4263 53 4303 rur
74 4269 130 4308 una
144 4263 300 4312 manerent.
317 4257 415 4312 Unum
436 4263 530 4310 tamen
544 4263 587 4310 est
606 4250 683 4328 quod
700 4269 757 4307 no-

11 4347 85 4394 stram
99 4340 271 4398 sententiam
290 4339 463 4417 infringere,
482 4339 627 4399 Welckeri
642 4350 757 4395 susten·
811 4345 894 4421 Apud
915 4345 1099 4404 abundantem
1122 4346 1263 4418 antiquam
1282 4360 1391 4403 amnem
1417 4355 1445 4404 et
1465 4346 1572 4421 rapidas

11 4433 60 4481 tare
75 4426 171 4502 possit.
187 4427 282 4485 Facile
298 4428 373 4485 enim
387 4427 453 4504 quis
469 4426 545 4485 dicat
565 4425 756 4485 Alcmeonem
1189 4423 1278 4482 undas
1290 4425 1395 4483 Inachi.

11 4514 97 4571 matris
106 4515 245 4593 sanguine
254 4515 437 4593 inquinatum
448 4532 542 4592 neque
553 4513 654 4572 ducem
664 4531 758 4590 neque

11 4599 116 4659 nilitem
138 4604 169 4660 in
188 4601 266 4662 bello
287 4623 348 4661 esse
368 4604 518 4683 potuisse,
542 4601 624 4680 cujus
638 4612 758 4660 eventus

11 4683 117 4746 leorum
129 4691 237 4749 auxilio
248 4691 391 4752 secundus
401 4691 497 4751 luerit.
512 4692 563 4750 Est
572 4691 628 4750 hoc
641 4688 758 4767 quidem

11 4772 120 4850 uliqnid,
135 4778 186 4836 sed
200 4799 235 4838 eo
248 4781 390 4839 sententia
409 4791 509 4840 nostra
526 4798 586 4837 noo
607 4777 757 4837 refellitur.
936 4784 989 4843 sud
999 4785 1058 4858 φησι
1073 4781 1285 4854 Αιινρίιίίοοίιιιιιι
1298 4779 1352 4836 huc
1365 4778 1460 4837 radere

11 4861 99 4936 lpollo
114 4865 190 4923 enim
206 4868 400 4927 Alcmeonem
423 4869 460 4926 aul
482 4879 599 4926 matrem
622 4864 757 4923 occiden-
884 4879 968 4922 cerno
979 4870 1007 4920 et
1018 4859 1147 4935 loquendi
1161 4875 1245 4932 pausa
1258 4859 1330 4917 bona
1343 4857 1422 4915 nobis
1434 4857 1524 4926 datur.

11 4973 1572 5006 -—.—-......-.---—-—-—-—-———-

812 4566 907 4638 Quum
928 4567 969 4625 ita
993 4566 1118 4625 incertus
1141 4567 1192 4640 sit,
1211 4565 1433 4644 amphilochum
1453 4565 1570 4623 fratrem

811 4654 1009 4715 advenientem
1023 4653 1120 4712 videt:

11 5121 147 5192 memoro
157 5127 240 5201 igiuar
249 5066 499 5203 μαμιιούέύίοηοίία
509 5145 573 5188 oum
581 5129 641 5188 lato
649 5128 755 5199 divino,
1159 5077 1221 5128 m
1240 5194 1247 5208 ⁹
1296 5192 1303 5206 ,

11 5201 45 5258 rbi
57 5205 84 5261 in
98 5221 128 5264 re
137 5209 212 5278 erari
221 5223 283 5281 spes
295 5209 364 5268 nihil
376 5226 420 5270 me
433 5209 561 5286 adjurat?
878 5205 980 5262 carum
994 5203 1083 5272 argos
1096 5211 1153 5258 nun
1165 5193 1282 5269 amplius
1294 5191 1469 5254 recolentem.
