<?xml version="1.0" encoding="UTF-8"?>
<!DOCTYPE html PUBLIC "-//W3C//DTD XHTML 1.0 Transitional//EN"
    "http://www.w3.org/TR/xhtml1/DTD/xhtml1-transitional.dtd">
<html xmlns="http://www.w3.org/1999/xhtml" xml:lang="en" lang="en">
 <head>
  <title>
</title>
<meta http-equiv="Content-Type" content="text/html;charset=utf-8" />
  <meta name='ocr-system' content='tesseract 3.04.00' />
  <meta name='ocr-capabilities' content='ocr_page ocr_carea ocr_par ocr_line ocrx_word'/>
</head>
<body>
  <div class='ocr_page' id='page_1' title='image "./theophrastichar00maxigoog_0636.png"; bbox 0 0 3650 5798; ppageno 0'>
   <div class='ocr_carea' id='block_1_1' title="bbox 585 391 1066 460">
    <p class='ocr_par' dir='ltr' id='par_1_1' title="bbox 585 391 1066 460">
     <span class='ocr_line' id='line_1_1' title="bbox 585 391 1066 460; baseline -0.023 -1"><span class='ocrx_word' id='word_1_1' title='bbox 585 393 794 460; x_wconf 76' lang='lat' dir='ltr'><strong>soruncns</strong></span> <span class='ocrx_word' id='word_1_2' title='bbox 815 391 1066 452; x_wconf 80' lang='lat' dir='ltr'><strong>FRAGMENTA.</strong></span> 
     </span>
    </p>
   </div>
   <div class='ocr_carea' id='block_1_2' title="bbox 27 526 799 790">
    <p class='ocr_par' dir='ltr' id='par_1_2' title="bbox 27 526 799 790">
     <span class='ocr_line' id='line_1_2' title="bbox 27 526 798 614; baseline -0.013 -21"><span class='ocrx_word' id='word_1_3' title='bbox 27 555 130 611; x_wconf 89' lang='grc' dir='ltr'>ματα·</span> <span class='ocrx_word' id='word_1_4' title='bbox 144 561 156 586; x_wconf 76' lang='grc' dir='ltr'>ι</span> <span class='ocrx_word' id='word_1_5' title='bbox 177 535 228 614; x_wconf 74' lang='grc' dir='ltr'><strong>οὐχ</strong></span> <span class='ocrx_word' id='word_1_6' title='bbox 248 531 398 612; x_wconf 78' lang='grc' dir='ltr'>ἡδύσματα.</span> <span class='ocrx_word' id='word_1_7' title='bbox 422 532 558 614; x_wconf 75' lang='grc' dir='ltr'>Σοφοκλῆς</span> <span class='ocrx_word' id='word_1_8' title='bbox 570 527 696 598; x_wconf 64' lang='grc' dir='ltr'>Φαίαξιν.</span> <span class='ocrx_word' id='word_1_9' title='bbox 710 526 798 586; x_wconf 84' lang='lat' dir='ltr'><strong>Athe·</strong></span> 
     </span>
     <span class='ocr_line' id='line_1_3' title="bbox 27 614 799 768; baseline -0.006 -90"><span class='ocrx_word' id='word_1_10' title='bbox 27 627 165 768; x_wconf 69' lang='lat' dir='ltr'><strong>naeqsll,</strong></span> <span class='ocrx_word' id='word_1_11' title='bbox 175 642 204 702; x_wconf 88' lang='lat' dir='ltr'><strong>p.</strong></span> <span class='ocrx_word' id='word_1_12' title='bbox 214 624 264 696; x_wconf 84' lang='lat'><strong>67,</strong></span> <span class='ocrx_word' id='word_1_13' title='bbox 274 626 310 682; x_wconf 84' lang='lat' dir='ltr'><strong>F:</strong></span> <span class='ocrx_word' id='word_1_14' title='bbox 321 619 389 683; x_wconf 78' lang='grc' dir='ltr'><strong>Ὅτι</strong></span> <span class='ocrx_word' id='word_1_15' title='bbox 398 620 537 703; x_wconf 75' lang='grc' dir='ltr'>ἀρτύματα</span> <span class='ocrx_word' id='word_1_16' title='bbox 549 616 656 700; x_wconf 80' lang='grc' dir='ltr'>σύρηται</span> <span class='ocrx_word' id='word_1_17' title='bbox 668 614 742 697; x_wconf 71' lang='grc' dir='ltr'>παρὰ</span> <span class='ocrx_word' id='word_1_18' title='bbox 750 615 799 674; x_wconf 85' lang='grc' dir='ltr'><strong>Σο-</strong></span> 
     </span>
     <span class='ocr_line' id='line_1_4' title="bbox 29 731 148 790; baseline 0 -21"><span class='ocrx_word' id='word_1_19' title='bbox 29 731 88 790; x_wconf 82' lang='grc' dir='ltr'>φοιι</span> <span class='ocrx_word' id='word_1_20' title='bbox 107 735 148 770; x_wconf 82' lang='grc' dir='ltr'><strong>σι·</strong></span> 
     </span>
    </p>
   </div>
   <div class='ocr_carea' id='block_1_3' title="bbox 28 844 670 1212">
    <p class='ocr_par' dir='ltr' id='par_1_3' title="bbox 28 844 670 1212">
     <span class='ocr_line' id='line_1_5' title="bbox 29 844 568 940; baseline 0.004 -32"><span class='ocrx_word' id='word_1_21' title='bbox 29 848 123 928; x_wconf 78' lang='lat'><strong>[256]</strong></span> <span class='ocrx_word' id='word_1_22' title='bbox 204 845 267 914; x_wconf 82' lang='grc' dir='ltr'><strong>Καὶ</strong></span> <span class='ocrx_word' id='word_1_23' title='bbox 285 845 378 938; x_wconf 75' lang='grc' dir='ltr'>βορᾶς</span> <span class='ocrx_word' id='word_1_24' title='bbox 394 844 568 940; x_wconf 81' lang='grc' dir='ltr'>ἀρτύματα.</span> 
     </span>
     <span class='ocr_line' id='line_1_6' title="bbox 28 976 544 1062; baseline 0 -26"><span class='ocrx_word' id='word_1_25' title='bbox 28 976 64 1036; x_wconf 86' lang='grc' dir='ltr'><strong>τδ</strong></span> <span class='ocrx_word' id='word_1_26' title='bbox 78 976 109 1038; x_wconf 77' lang='grc' dir='ltr'><strong>δὲ</strong></span> <span class='ocrx_word' id='word_1_27' title='bbox 124 981 196 1060; x_wconf 74' lang='grc' dir='ltr'>ῥῆμα</span> <span class='ocrx_word' id='word_1_28' title='bbox 211 986 298 1038; x_wconf 84' lang='grc' dir='ltr'>κεῖται</span> <span class='ocrx_word' id='word_1_29' title='bbox 310 977 384 1060; x_wconf 72' lang='grc' dir='ltr'>παρὰ</span> <span class='ocrx_word' id='word_1_30' title='bbox 398 978 544 1062; x_wconf 84' lang='grc' dir='ltr'>Σοφσιιλιῖ·</span> 
     </span>
     <span class='ocr_line' id='line_1_7' title="bbox 34 1101 670 1212; baseline 0 -32"><span class='ocrx_word' id='word_1_31' title='bbox 34 1113 128 1197; x_wconf 76' lang='lat'>[257]</span> <span class='ocrx_word' id='word_1_32' title='bbox 181 1101 254 1212; x_wconf 58' lang='lat' dir='ltr'><strong>Epa</strong></span> <span class='ocrx_word' id='word_1_33' title='bbox 269 1115 410 1212; x_wconf 74' lang='grc' dir='ltr'>μάγειρος</span> <span class='ocrx_word' id='word_1_34' title='bbox 423 1115 544 1207; x_wconf 81' lang='grc' dir='ltr'>ἀρτύσω</span> <span class='ocrx_word' id='word_1_35' title='bbox 561 1121 670 1206; x_wconf 80' lang='grc' dir='ltr'>σοφῶς.</span> 
     </span>
    </p>
   </div>
   <div class='ocr_carea' id='block_1_4' title="bbox 347 1271 501 1297">
    <p class='ocr_par' dir='ltr' id='par_1_4' title="bbox 347 1271 501 1297">
     <span class='ocr_line' id='line_1_8' title="bbox 347 1271 501 1297; baseline 0 -4"><span class='ocrx_word' id='word_1_36' title='bbox 347 1271 501 1297; x_wconf 65' lang='lat' dir='ltr'><strong>-me-</strong></span> 
     </span>
    </p>
   </div>
   <div class='ocr_carea' id='block_1_5' title="bbox 182 1376 660 1441">
    <p class='ocr_par' dir='ltr' id='par_1_5' title="bbox 182 1376 660 1441">
     <span class='ocr_line' id='line_1_9' title="bbox 182 1376 660 1441; baseline -0.002 -2"><span class='ocrx_word' id='word_1_37' title='bbox 182 1376 411 1441; x_wconf 81' lang='lat' dir='ltr'><strong>ACHAEORUM</strong></span> <span class='ocrx_word' id='word_1_38' title='bbox 431 1376 660 1441; x_wconf 85' lang='lat' dir='ltr'><strong>CONVIVIUM.</strong></span> 
     </span>
    </p>
   </div>
   <div class='ocr_carea' id='block_1_6' title="bbox 36 1507 806 1767">
    <p class='ocr_par' dir='ltr' id='par_1_6' title="bbox 36 1507 806 1767">
     <span class='ocr_line' id='line_1_10' title="bbox 80 1507 805 1588; baseline 0.006 -22"><span class='ocrx_word' id='word_1_39' title='bbox 80 1507 265 1586; x_wconf 80' lang='lat' dir='ltr'><strong>Tragoediam</strong></span> <span class='ocrx_word' id='word_1_40' title='bbox 283 1507 363 1566; x_wconf 89' lang='lat' dir='ltr'><strong>vario</strong></span> <span class='ocrx_word' id='word_1_41' title='bbox 395 1508 483 1567; x_wconf 92' lang='lat' dir='ltr'><strong>modo</strong></span> <span class='ocrx_word' id='word_1_42' title='bbox 510 1510 600 1568; x_wconf 91' lang='lat' dir='ltr'><strong>citant</strong></span> <span class='ocrx_word' id='word_1_43' title='bbox 618 1511 805 1588; x_wconf 78' lang='lat' dir='ltr'><strong>grammatici.</strong></span> 
     </span>
     <span class='ocr_line' id='line_1_11' title="bbox 36 1596 805 1670; baseline 0.008 -17"><span class='ocrx_word' id='word_1_44' title='bbox 36 1596 148 1654; x_wconf 90' lang='lat' dir='ltr'><strong>Cicero</strong></span> <span class='ocrx_word' id='word_1_45' title='bbox 160 1598 197 1656; x_wconf 89' lang='lat' dir='ltr'><strong>ad</strong></span> <span class='ocrx_word' id='word_1_46' title='bbox 207 1597 348 1668; x_wconf 89' lang='lat' dir='ltr'><strong>Quintum</strong></span> <span class='ocrx_word' id='word_1_47' title='bbox 361 1597 478 1656; x_wconf 88' lang='lat' dir='ltr'><strong>fratrem</strong></span> <span class='ocrx_word' id='word_1_48' title='bbox 489 1601 528 1670; x_wconf 92' lang='lat' dir='ltr'><strong>ll,</strong></span> <span class='ocrx_word' id='word_1_49' title='bbox 545 1599 579 1655; x_wconf 87' lang='lat'><strong>16</strong></span> <span class='ocrx_word' id='word_1_50' title='bbox 594 1599 805 1667; x_wconf 73' lang='grc' dir='ltr'>ειΣυνδιύπνους</span> 
     </span>
     <span class='ocr_line' id='line_1_12' title="bbox 36 1685 806 1767; baseline 0.005 -21"><span class='ocrx_word' id='word_1_51' title='bbox 36 1685 208 1767; x_wconf 75' lang='grc' dir='ltr'>Σοφοκλέους</span> <span class='ocrx_word' id='word_1_52' title='bbox 218 1705 391 1765; x_wconf 88' lang='lat' dir='ltr'><strong>quamquam</strong></span> <span class='ocrx_word' id='word_1_53' title='bbox 403 1707 420 1746; x_wconf 92' lang='lat' dir='ltr'><strong>a</strong></span> <span class='ocrx_word' id='word_1_54' title='bbox 432 1698 459 1746; x_wconf 88' lang='lat' dir='ltr'><strong>te</strong></span> <span class='ocrx_word' id='word_1_55' title='bbox 470 1699 561 1746; x_wconf 89' lang='lat' dir='ltr'><strong>actam</strong></span> <span class='ocrx_word' id='word_1_56' title='bbox 575 1687 706 1748; x_wconf 89' lang='lat' dir='ltr'><strong>fabellam</strong></span> <span class='ocrx_word' id='word_1_57' title='bbox 720 1690 806 1750; x_wconf 88' lang='lat' dir='ltr'><strong>video</strong></span> 
     </span>
    </p>
   </div>
   <div class='ocr_carea' id='block_1_7' title="bbox 38 1780 819 4872">
    <p class='ocr_par' dir='ltr' id='par_1_7' title="bbox 38 1780 812 2656">
     <span class='ocr_line' id='line_1_13' title="bbox 38 1780 804 1865; baseline 0.012 -27"><span class='ocrx_word' id='word_1_58' title='bbox 38 1781 158 1859; x_wconf 88' lang='lat' dir='ltr'><strong>festive,</strong></span> <span class='ocrx_word' id='word_1_59' title='bbox 171 1780 250 1840; x_wconf 92' lang='lat' dir='ltr'><strong>mdlo</strong></span> <span class='ocrx_word' id='word_1_60' title='bbox 262 1780 487 1860; x_wconf 87' lang='lat' dir='ltr'><strong>modoprobavi.</strong></span> <span class='ocrx_word' id='word_1_61' title='bbox 497 1809 509 1837; x_wconf 86' lang='grc' dir='ltr'>ν</span> <span class='ocrx_word' id='word_1_62' title='bbox 520 1783 675 1844; x_wconf 88' lang='lat' dir='ltr'><strong>Atbenaeus</strong></span> <span class='ocrx_word' id='word_1_63' title='bbox 684 1789 764 1860; x_wconf 87' lang='lat' dir='ltr'><strong>VIII,</strong></span> <span class='ocrx_word' id='word_1_64' title='bbox 774 1807 804 1865; x_wconf 90' lang='lat' dir='ltr'><strong>p.</strong></span> 
     </span>
     <span class='ocr_line' id='line_1_14' title="bbox 40 1867 807 1952; baseline 0.014 -26"><span class='ocrx_word' id='word_1_65' title='bbox 40 1869 116 1940; x_wconf 83' lang='lat'><strong>365,</strong></span> <span class='ocrx_word' id='word_1_66' title='bbox 128 1873 149 1927; x_wconf 88' lang='lat' dir='ltr'>B</span> <span class='ocrx_word' id='word_1_67' title='bbox 162 1891 169 1926; x_wconf 74' lang='grc' dir='ltr'>τ</span> <span class='ocrx_word' id='word_1_68' title='bbox 185 1867 343 1930; x_wconf 83' lang='grc' dir='ltr'>Σύνδειπνον</span> <span class='ocrx_word' id='word_1_69' title='bbox 354 1869 457 1952; x_wconf 78' lang='grc' dir='ltr'>εἴρηκεν</span> <span class='ocrx_word' id='word_1_70' title='bbox 468 1869 512 1930; x_wconf 75' lang='grc' dir='ltr'><strong>ἐπὶ</strong></span> <span class='ocrx_word' id='word_1_71' title='bbox 522 1872 669 1950; x_wconf 73' lang='grc' dir='ltr'>συμποσίου</span> <span class='ocrx_word' id='word_1_72' title='bbox 678 1874 807 1940; x_wconf 80' lang='grc' dir='ltr'>Λυσίας...</span> 
     </span>
     <span class='ocr_line' id='line_1_15' title="bbox 39 1955 809 2041; baseline 0.009 -25"><span class='ocrx_word' id='word_1_73' title='bbox 39 1955 137 2038; x_wconf 82' lang='grc' dir='ltr'>διόπερ</span> <span class='ocrx_word' id='word_1_74' title='bbox 152 1956 220 2024; x_wconf 72' lang='grc' dir='ltr'>τινὲς</span> <span class='ocrx_word' id='word_1_75' title='bbox 235 1957 282 2018; x_wconf 78' lang='grc' dir='ltr'><strong>καλ</strong></span> <span class='ocrx_word' id='word_1_76' title='bbox 294 1958 325 2018; x_wconf 73' lang='lat' dir='ltr'><strong>ab</strong></span> <span class='ocrx_word' id='word_1_77' title='bbox 339 1957 503 2041; x_wconf 68' lang='grc' dir='ltr'>Σοφοκλέους</span> <span class='ocrx_word' id='word_1_78' title='bbox 516 1960 603 2040; x_wconf 69' lang='grc' dir='ltr'>δρᾶμα</span> <span class='ocrx_word' id='word_1_79' title='bbox 618 1961 685 2021; x_wconf 70' lang='lat' dir='ltr'><strong>rard</strong></span> <span class='ocrx_word' id='word_1_80' title='bbox 696 1962 727 2022; x_wconf 88' lang='grc' dir='ltr'><strong>τδ</strong></span> <span class='ocrx_word' id='word_1_81' title='bbox 738 1963 809 2024; x_wconf 78' lang='grc' dir='ltr'>σύδί-</span> 
     </span>
     <span class='ocr_line' id='line_1_16' title="bbox 39 2047 810 2132; baseline 0.009 -26"><span class='ocrx_word' id='word_1_82' title='bbox 39 2069 120 2127; x_wconf 82' lang='grc' dir='ltr'>τερον</span> <span class='ocrx_word' id='word_1_83' title='bbox 140 2047 292 2130; x_wconf 76' lang='grc' dir='ltr'>ἐπιγράφειν</span> <span class='ocrx_word' id='word_1_84' title='bbox 312 2047 412 2117; x_wconf 78' lang='grc' dir='ltr'>ἀξιοῦσι</span> <span class='ocrx_word' id='word_1_85' title='bbox 433 2049 688 2112; x_wconf 78' lang='grc' dir='ltr'>ΣΥΝΛΕΙΠΝΟΝ.</span> <span class='ocrx_word' id='word_1_86' title='bbox 709 2059 810 2132; x_wconf 86' lang='lat' dir='ltr'><strong>Neque</strong></span> 
     </span>
     <span class='ocr_line' id='line_1_17' title="bbox 41 2135 809 2218; baseline 0.009 -24"><span class='ocrx_word' id='word_1_87' title='bbox 41 2137 131 2194; x_wconf 83' lang='lat' dir='ltr'><strong>aliter</strong></span> <span class='ocrx_word' id='word_1_88' title='bbox 145 2136 249 2194; x_wconf 85' lang='lat' dir='ltr'><strong>citatur</strong></span> <span class='ocrx_word' id='word_1_89' title='bbox 264 2135 361 2197; x_wconf 88' lang='lat' dir='ltr'><strong>fabula</strong></span> <span class='ocrx_word' id='word_1_90' title='bbox 374 2135 410 2196; x_wconf 94' lang='lat' dir='ltr'><strong>ab</strong></span> <span class='ocrx_word' id='word_1_91' title='bbox 426 2138 531 2197; x_wconf 85' lang='lat' dir='ltr'><strong>Athen.</strong></span> <span class='ocrx_word' id='word_1_92' title='bbox 548 2159 578 2218; x_wconf 89' lang='lat' dir='ltr'><strong>p.</strong></span> <span class='ocrx_word' id='word_1_93' title='bbox 603 2161 648 2215; x_wconf 79' lang='lat'><strong>17,</strong></span> <span class='ocrx_word' id='word_1_94' title='bbox 662 2145 699 2215; x_wconf 92' lang='lat' dir='ltr'><strong>D,</strong></span> <span class='ocrx_word' id='word_1_95' title='bbox 721 2143 809 2202; x_wconf 84' lang='lat' dir='ltr'><strong>sclrol.</strong></span> 
     </span>
     <span class='ocr_line' id='line_1_18' title="bbox 42 2223 809 2304; baseline 0.01 -22"><span class='ocrx_word' id='word_1_96' title='bbox 42 2223 84 2282; x_wconf 87' lang='lat' dir='ltr'><strong>ud</strong></span> <span class='ocrx_word' id='word_1_97' title='bbox 100 2225 190 2303; x_wconf 89' lang='lat' dir='ltr'><strong>Soph.</strong></span> <span class='ocrx_word' id='word_1_98' title='bbox 205 2225 282 2302; x_wconf 82' lang='lat' dir='ltr'><strong>Ajac.</strong></span> <span class='ocrx_word' id='word_1_99' title='bbox 302 2245 356 2302; x_wconf 88' lang='lat'><strong>19⁰</strong></span> <span class='ocrx_word' id='word_1_100' title='bbox 369 2238 398 2284; x_wconf 90' lang='lat' dir='ltr'><strong>et</strong></span> <span class='ocrx_word' id='word_1_101' title='bbox 409 2225 484 2286; x_wconf 85' lang='lat' dir='ltr'><strong>OEd.</strong></span> <span class='ocrx_word' id='word_1_102' title='bbox 496 2231 527 2286; x_wconf 90' lang='lat' dir='ltr'><strong>C.</strong></span> <span class='ocrx_word' id='word_1_103' title='bbox 538 2247 557 2304; x_wconf 91' lang='lat'><strong>9</strong></span> <span class='ocrx_word' id='word_1_104' title='bbox 569 2240 598 2286; x_wconf 93' lang='lat' dir='ltr'><strong>et</strong></span> <span class='ocrx_word' id='word_1_105' title='bbox 608 2228 688 2289; x_wconf 83' lang='lat' dir='ltr'><strong>Stob.</strong></span> <span class='ocrx_word' id='word_1_106' title='bbox 698 2235 809 2303; x_wconf 87' lang='lat' dir='ltr'><strong>XXVI,</strong></span> 
     </span>
     <span class='ocr_line' id='line_1_19' title="bbox 48 2313 810 2394; baseline 0.017 -24"><span class='ocrx_word' id='word_1_107' title='bbox 48 2334 77 2384; x_wconf 86' lang='lat'><strong>1,</strong></span> <span class='ocrx_word' id='word_1_108' title='bbox 92 2313 223 2374; x_wconf 88' lang='lat' dir='ltr'><strong>Eustath.</strong></span> <span class='ocrx_word' id='word_1_109' title='bbox 240 2335 268 2392; x_wconf 92' lang='lat' dir='ltr'><strong>p.</strong></span> <span class='ocrx_word' id='word_1_110' title='bbox 293 2315 381 2392; x_wconf 80' lang='lat'><strong>1828,</strong></span> <span class='ocrx_word' id='word_1_111' title='bbox 404 2317 457 2388; x_wconf 78' lang='grc' dir='ltr'><strong>οδ,</strong></span> <span class='ocrx_word' id='word_1_112' title='bbox 480 2317 606 2394; x_wconf 86' lang='lat' dir='ltr'><strong>Hesych.</strong></span> <span class='ocrx_word' id='word_1_113' title='bbox 621 2339 647 2376; x_wconf 92' lang='grc' dir='ltr'><strong>ν.</strong></span> <span class='ocrx_word' id='word_1_114' title='bbox 669 2316 810 2388; x_wconf 78' lang='grc' dir='ltr'>Ἇζιιῶται.</span> 
     </span>
     <span class='ocr_line' id='line_1_20' title="bbox 44 2399 811 2484; baseline 0.01 -26"><span class='ocrx_word' id='word_1_115' title='bbox 44 2407 88 2458; x_wconf 89' lang='lat' dir='ltr'><strong>At</strong></span> <span class='ocrx_word' id='word_1_116' title='bbox 100 2399 255 2461; x_wconf 76' lang='grc' dir='ltr'>Σύνδειπνον</span> <span class='ocrx_word' id='word_1_117' title='bbox 267 2403 370 2462; x_wconf 85' lang='lat' dir='ltr'><strong>Athen.</strong></span> <span class='ocrx_word' id='word_1_118' title='bbox 384 2423 415 2482; x_wconf 91' lang='lat' dir='ltr'><strong>p.</strong></span> <span class='ocrx_word' id='word_1_119' title='bbox 426 2404 496 2482; x_wconf 84' lang='lat'><strong>679,</strong></span> <span class='ocrx_word' id='word_1_120' title='bbox 505 2410 539 2479; x_wconf 90' lang='lat' dir='ltr'><strong>A,</strong></span> <span class='ocrx_word' id='word_1_121' title='bbox 552 2426 581 2484; x_wconf 89' lang='lat' dir='ltr'><strong>p.</strong></span> <span class='ocrx_word' id='word_1_122' title='bbox 603 2407 674 2481; x_wconf 86' lang='grc'><strong>686,</strong></span> <span class='ocrx_word' id='word_1_123' title='bbox 688 2414 722 2466; x_wconf 97' lang='lat' dir='ltr'><strong>A.</strong></span> <span class='ocrx_word' id='word_1_124' title='bbox 739 2413 811 2468; x_wconf 89' lang='lat' dir='ltr'><strong>Sunt</strong></span> 
     </span>
     <span class='ocr_line' id='line_1_21' title="bbox 44 2490 812 2576; baseline 0.014 -30"><span class='ocrx_word' id='word_1_125' title='bbox 44 2491 100 2567; x_wconf 92' lang='lat' dir='ltr'><strong>qni</strong></span> <span class='ocrx_word' id='word_1_126' title='bbox 122 2491 181 2548; x_wconf 88' lang='lat' dir='ltr'><strong>haec</strong></span> <span class='ocrx_word' id='word_1_127' title='bbox 195 2490 233 2549; x_wconf 88' lang='lat' dir='ltr'><strong>ad</strong></span> <span class='ocrx_word' id='word_1_128' title='bbox 247 2490 380 2568; x_wconf 84' lang='grc' dir='ltr'>Σύλλογσν</span> <span class='ocrx_word' id='word_1_129' title='bbox 395 2493 519 2552; x_wconf 89' lang='lat' dir='ltr'><strong>referant</strong></span> <span class='ocrx_word' id='word_1_130' title='bbox 536 2497 652 2554; x_wconf 89' lang='lat' dir='ltr'><strong>citatum</strong></span> <span class='ocrx_word' id='word_1_131' title='bbox 670 2494 706 2555; x_wconf 91' lang='lat' dir='ltr'><strong>ab</strong></span> <span class='ocrx_word' id='word_1_132' title='bbox 722 2502 812 2576; x_wconf 86' lang='lat' dir='ltr'><strong>Hesy-</strong></span> 
     </span>
     <span class='ocr_line' id='line_1_22' title="bbox 47 2577 711 2656; baseline 0.014 -21"><span class='ocrx_word' id='word_1_133' title='bbox 47 2577 119 2636; x_wconf 87' lang='lat' dir='ltr'><strong>chio</strong></span> <span class='ocrx_word' id='word_1_134' title='bbox 134 2577 254 2637; x_wconf 88' lang='lat' dir='ltr'><strong>vocibus</strong></span> <span class='ocrx_word' id='word_1_135' title='bbox 264 2579 463 2649; x_wconf 76' lang='grc' dir='ltr'>Ἐπιξενοῢσδαι</span> <span class='ocrx_word' id='word_1_136' title='bbox 475 2595 504 2641; x_wconf 92' lang='lat' dir='ltr'><strong>et</strong></span> <span class='ocrx_word' id='word_1_137' title='bbox 518 2581 711 2656; x_wconf 85' lang='grc' dir='ltr'>Ἐπισειούσης.</span> 
     </span>
    </p>

    <p class='ocr_par' dir='ltr' id='par_1_8' title="bbox 47 2669 816 4055">
     <span class='ocr_line' id='line_1_23' title="bbox 92 2669 813 2746; baseline 0.01 -20"><span class='ocrx_word' id='word_1_138' title='bbox 92 2672 137 2726; x_wconf 87' lang='lat' dir='ltr'><strong>De</strong></span> <span class='ocrx_word' id='word_1_139' title='bbox 157 2681 326 2746; x_wconf 86' lang='lat' dir='ltr'><strong>argumento</strong></span> <span class='ocrx_word' id='word_1_140' title='bbox 351 2669 408 2728; x_wconf 89' lang='lat' dir='ltr'><strong>viri</strong></span> <span class='ocrx_word' id='word_1_141' title='bbox 435 2669 514 2728; x_wconf 90' lang='lat' dir='ltr'><strong>docti</strong></span> <span class='ocrx_word' id='word_1_142' title='bbox 535 2669 717 2731; x_wconf 86' lang='lat' dir='ltr'><strong>dissentiunt.</strong></span> <span class='ocrx_word' id='word_1_143' title='bbox 740 2676 813 2733; x_wconf 92' lang='lat' dir='ltr'><strong>Sunt</strong></span> 
     </span>
     <span class='ocr_line' id='line_1_24' title="bbox 47 2755 812 2834; baseline 0.01 -21"><span class='ocrx_word' id='word_1_144' title='bbox 47 2755 102 2834; x_wconf 89' lang='lat' dir='ltr'><strong>qui</strong></span> <span class='ocrx_word' id='word_1_145' title='bbox 122 2757 373 2834; x_wconf 74' lang='lat' dir='ltr'><strong>congregationem</strong></span> <span class='ocrx_word' id='word_1_146' title='bbox 396 2757 562 2817; x_wconf 85' lang='lat' dir='ltr'><strong>Achaeorum</strong></span> <span class='ocrx_word' id='word_1_147' title='bbox 582 2761 613 2817; x_wconf 91' lang='lat' dir='ltr'><strong>in</strong></span> <span class='ocrx_word' id='word_1_148' title='bbox 632 2760 749 2820; x_wconf 81' lang='lat' dir='ltr'><strong>Tenedo</strong></span> <span class='ocrx_word' id='word_1_149' title='bbox 772 2763 812 2820; x_wconf 93' lang='lat' dir='ltr'><strong>in-</strong></span> 
     </span>
     <span class='ocr_line' id='line_1_25' title="bbox 49 2844 814 2931; baseline 0.007 -27"><span class='ocrx_word' id='word_1_150' title='bbox 49 2844 115 2904; x_wconf 89' lang='lat' dir='ltr'><strong>sula</strong></span> <span class='ocrx_word' id='word_1_151' title='bbox 146 2846 369 2924; x_wconf 85' lang='lat' dir='ltr'><strong>conviviumque</strong></span> <span class='ocrx_word' id='word_1_152' title='bbox 392 2845 434 2909; x_wconf 88' lang='lat' dir='ltr'><strong>ibi</strong></span> <span class='ocrx_word' id='word_1_153' title='bbox 458 2861 628 2925; x_wconf 87' lang='lat' dir='ltr'><strong>apparatum</strong></span> <span class='ocrx_word' id='word_1_154' title='bbox 653 2851 814 2931; x_wconf 83' lang='lat' dir='ltr'><strong>intelligant</strong></span> 
     </span>
     <span class='ocr_line' id='line_1_26' title="bbox 48 2934 812 3016; baseline 0.009 -24"><span class='ocrx_word' id='word_1_155' title='bbox 48 2934 215 2994; x_wconf 88' lang='lat' dir='ltr'><strong>Aristotelis</strong></span> <span class='ocrx_word' id='word_1_156' title='bbox 231 2937 297 2994; x_wconf 89' lang='lat' dir='ltr'><strong>loco</strong></span> <span class='ocrx_word' id='word_1_157' title='bbox 315 2936 457 3013; x_wconf 87' lang='lat' dir='ltr'><strong>permoti,</strong></span> <span class='ocrx_word' id='word_1_158' title='bbox 477 2938 527 3016; x_wconf 92' lang='lat' dir='ltr'><strong>qni</strong></span> <span class='ocrx_word' id='word_1_159' title='bbox 541 2950 584 2996; x_wconf 89' lang='lat' dir='ltr'><strong>est</strong></span> <span class='ocrx_word' id='word_1_160' title='bbox 600 2939 685 2998; x_wconf 81' lang='lat' dir='ltr'><strong>thet.</strong></span> <span class='ocrx_word' id='word_1_161' title='bbox 701 2943 745 3013; x_wconf 94' lang='lat' dir='ltr'><strong>II,</strong></span> <span class='ocrx_word' id='word_1_162' title='bbox 759 2949 812 3009; x_wconf 75' lang='lat' dir='ltr'><strong>al:</strong></span> 
     </span>
     <span class='ocr_line' id='line_1_27' title="bbox 52 3019 813 3105; baseline 0.005 -23"><span class='ocrx_word' id='word_1_163' title='bbox 52 3019 90 3082; x_wconf 82' lang='lat' dir='ltr'><strong>El</strong></span> <span class='ocrx_word' id='word_1_164' title='bbox 104 3045 143 3090; x_wconf 88' lang='grc' dir='ltr'><strong>τις</strong></span> <span class='ocrx_word' id='word_1_165' title='bbox 155 3021 220 3104; x_wconf 76' lang='grc' dir='ltr'>φαίη</span> <span class='ocrx_word' id='word_1_166' title='bbox 235 3022 265 3083; x_wconf 91' lang='grc' dir='ltr'><strong>τδ</strong></span> <span class='ocrx_word' id='word_1_167' title='bbox 279 3022 322 3082; x_wconf 77' lang='grc' dir='ltr'><strong>ἐπὶ</strong></span> <span class='ocrx_word' id='word_1_168' title='bbox 337 3024 439 3083; x_wconf 82' lang='grc' dir='ltr'>δεῖπνον</span> <span class='ocrx_word' id='word_1_169' title='bbox 451 3025 580 3096; x_wconf 75' lang='grc' dir='ltr'>κληθῆναι</span> <span class='ocrx_word' id='word_1_170' title='bbox 590 3023 757 3105; x_wconf 79' lang='grc' dir='ltr'>τιμιώτατον·</span> <span class='ocrx_word' id='word_1_171' title='bbox 772 3027 813 3086; x_wconf 77' lang='grc' dir='ltr'>διδ</span> 
     </span>
     <span class='ocr_line' id='line_1_28' title="bbox 52 3111 813 3194; baseline 0.013 -25"><span class='ocrx_word' id='word_1_172' title='bbox 52 3111 106 3190; x_wconf 78' lang='grc' dir='ltr'><strong>γὰρ</strong></span> <span class='ocrx_word' id='word_1_173' title='bbox 139 3111 169 3172; x_wconf 77' lang='lat' dir='ltr'><strong>ab</strong></span> <span class='ocrx_word' id='word_1_174' title='bbox 201 3111 237 3190; x_wconf 81' lang='grc' dir='ltr'><strong>μὴ</strong></span> <span class='ocrx_word' id='word_1_175' title='bbox 269 3114 397 3185; x_wconf 83' lang='grc' dir='ltr'>κληθῆναι</span> <span class='ocrx_word' id='word_1_176' title='bbox 423 3117 437 3173; x_wconf 77' lang='lat' dir='ltr'><strong>d</strong></span> <span class='ocrx_word' id='word_1_177' title='bbox 460 3113 594 3193; x_wconf 71' lang='grc' dir='ltr'>Ἀχιλλεύς</span> <span class='ocrx_word' id='word_1_178' title='bbox 622 3115 731 3194; x_wconf 68' lang='lat' dir='ltr'><strong>tofane</strong></span> <span class='ocrx_word' id='word_1_179' title='bbox 760 3127 813 3187; x_wconf 86' lang='grc' dir='ltr'>τοῖς</span> 
     </span>
     <span class='ocr_line' id='line_1_29' title="bbox 51 3199 813 3285; baseline 0.012 -27"><span class='ocrx_word' id='word_1_180' title='bbox 51 3199 167 3278; x_wconf 84' lang='grc' dir='ltr'>Ἀχαιοῖς</span> <span class='ocrx_word' id='word_1_181' title='bbox 178 3202 205 3258; x_wconf 83' lang='grc' dir='ltr'><strong>ἐν</strong></span> <span class='ocrx_word' id='word_1_182' title='bbox 219 3199 361 3282; x_wconf 79' lang='lat' dir='ltr'><strong>&#39;l&#39;ave&#39;dqrd</strong></span> <span class='ocrx_word' id='word_1_183' title='bbox 385 3201 407 3260; x_wconf 84' lang='grc' dir='ltr'><strong>δ’</strong></span> <span class='ocrx_word' id='word_1_184' title='bbox 432 3205 467 3270; x_wconf 84' lang='grc' dir='ltr'><strong>ὡς</strong></span> <span class='ocrx_word' id='word_1_185' title='bbox 487 3203 677 3283; x_wconf 66' lang='grc' dir='ltr'>ἀτιμαζόμενα</span> <span class='ocrx_word' id='word_1_186' title='bbox 696 3205 813 3285; x_wconf 71' lang='grc' dir='ltr'>ἐμήνισε.</span> 
     </span>
     <span class='ocr_line' id='line_1_30' title="bbox 51 3283 814 3370; baseline 0.009 -22"><span class='ocrx_word' id='word_1_187' title='bbox 51 3283 158 3359; x_wconf 60' lang='lat' dir='ltr'><strong>zontas</strong></span> <span class='ocrx_word' id='word_1_188' title='bbox 173 3287 200 3348; x_wconf 79' lang='grc' dir='ltr'><strong>δδ</strong></span> <span class='ocrx_word' id='word_1_189' title='bbox 216 3293 292 3348; x_wconf 80' lang='grc' dir='ltr'>τοῦτο</span> <span class='ocrx_word' id='word_1_190' title='bbox 308 3289 352 3348; x_wconf 74' lang='grc' dir='ltr'><strong>ἐπὶ</strong></span> <span class='ocrx_word' id='word_1_191' title='bbox 365 3295 412 3350; x_wconf 80' lang='grc' dir='ltr'><strong>τοῦ</strong></span> <span class='ocrx_word' id='word_1_192' title='bbox 427 3289 464 3367; x_wconf 76' lang='grc' dir='ltr'><strong>μὴ</strong></span> <span class='ocrx_word' id='word_1_193' title='bbox 476 3294 613 3365; x_wconf 75' lang='grc' dir='ltr'>κληθῆναι.</span> <span class='ocrx_word' id='word_1_194' title='bbox 631 3293 685 3352; x_wconf 87' lang='lat' dir='ltr'><strong>Alii</strong></span> <span class='ocrx_word' id='word_1_195' title='bbox 700 3299 814 3370; x_wconf 89' lang='lat' dir='ltr'><strong>rectius,</strong></span> 
     </span>
     <span class='ocr_line' id='line_1_31' title="bbox 51 3376 813 3460; baseline 0.012 -26"><span class='ocrx_word' id='word_1_196' title='bbox 51 3388 86 3434; x_wconf 93' lang='lat' dir='ltr'><strong>ut</strong></span> <span class='ocrx_word' id='word_1_197' title='bbox 107 3376 235 3453; x_wconf 77' lang='lat' dir='ltr'><strong>quaedam</strong></span> <span class='ocrx_word' id='word_1_198' title='bbox 260 3377 382 3438; x_wconf 87' lang='lat' dir='ltr'><strong>affinitas</strong></span> <span class='ocrx_word' id='word_1_199' title='bbox 404 3399 469 3438; x_wconf 89' lang='lat' dir='ltr'><strong>cum</strong></span> <span class='ocrx_word' id='word_1_200' title='bbox 495 3380 658 3460; x_wconf 87' lang='lat' dir='ltr'><strong>Osteologis</strong></span> <span class='ocrx_word' id='word_1_201' title='bbox 687 3384 813 3460; x_wconf 83' lang='lat' dir='ltr'><strong>AEschyli</strong></span> 
     </span>
     <span class='ocr_line' id='line_1_32' title="bbox 52 3463 814 3548; baseline 0.014 -28"><span class='ocrx_word' id='word_1_202' title='bbox 52 3463 191 3538; x_wconf 82' lang='lat' dir='ltr'><strong>ostendit,</strong></span> <span class='ocrx_word' id='word_1_203' title='bbox 204 3465 336 3540; x_wconf 87' lang='lat' dir='ltr'><strong>Achaeos,</strong></span> <span class='ocrx_word' id='word_1_204' title='bbox 355 3467 506 3546; x_wconf 84' lang='lat' dir='ltr'><strong>Penelopae</strong></span> <span class='ocrx_word' id='word_1_205' title='bbox 527 3488 655 3548; x_wconf 89' lang='lat' dir='ltr'><strong>procos,</strong></span> <span class='ocrx_word' id='word_1_206' title='bbox 673 3470 704 3528; x_wconf 91' lang='lat' dir='ltr'><strong>in</strong></span> <span class='ocrx_word' id='word_1_207' title='bbox 727 3472 814 3531; x_wconf 92' lang='lat' dir='ltr'><strong>domo</strong></span> 
     </span>
     <span class='ocr_line' id='line_1_33' title="bbox 52 3552 816 3634; baseline 0.007 -23"><span class='ocrx_word' id='word_1_208' title='bbox 52 3552 147 3611; x_wconf 84' lang='lat' dir='ltr'><strong>L&#39;lixis</strong></span> <span class='ocrx_word' id='word_1_209' title='bbox 160 3556 346 3613; x_wconf 86' lang='lat' dir='ltr'><strong>convivantes</strong></span> <span class='ocrx_word' id='word_1_210' title='bbox 361 3555 459 3634; x_wconf 87' lang='lat' dir='ltr'><strong>ibique</strong></span> <span class='ocrx_word' id='word_1_211' title='bbox 473 3555 510 3614; x_wconf 91' lang='lat' dir='ltr'><strong>ab</strong></span> <span class='ocrx_word' id='word_1_212' title='bbox 525 3557 580 3615; x_wconf 91' lang='lat' dir='ltr'><strong>hoc</strong></span> <span class='ocrx_word' id='word_1_213' title='bbox 595 3559 763 3618; x_wconf 87' lang='lat' dir='ltr'><strong>interfectos</strong></span> <span class='ocrx_word' id='word_1_214' title='bbox 776 3560 816 3618; x_wconf 91' lang='lat' dir='ltr'><strong>in·</strong></span> 
     </span>
     <span class='ocr_line' id='line_1_34' title="bbox 55 3640 814 3724; baseline 0.013 -27"><span class='ocrx_word' id='word_1_215' title='bbox 55 3640 237 3703; x_wconf 89' lang='lat' dir='ltr'><strong>tellexerunt.</strong></span> <span class='ocrx_word' id='word_1_216' title='bbox 258 3643 370 3702; x_wconf 89' lang='lat' dir='ltr'><strong>Deinde</strong></span> <span class='ocrx_word' id='word_1_217' title='bbox 401 3657 468 3702; x_wconf 91' lang='lat' dir='ltr'><strong>sunt</strong></span> <span class='ocrx_word' id='word_1_218' title='bbox 498 3646 584 3704; x_wconf 91' lang='lat' dir='ltr'><strong>etiam</strong></span> <span class='ocrx_word' id='word_1_219' title='bbox 612 3647 662 3724; x_wconf 92' lang='lat' dir='ltr'><strong>qui</strong></span> <span class='ocrx_word' id='word_1_220' title='bbox 690 3647 814 3707; x_wconf 89' lang='lat' dir='ltr'><strong>fabulam</strong></span> 
     </span>
     <span class='ocr_line' id='line_1_35' title="bbox 53 3729 814 3812; baseline 0.014 -26"><span class='ocrx_word' id='word_1_221' title='bbox 53 3729 209 3804; x_wconf 83' lang='lat' dir='ltr'><strong>satyricam</strong></span> <span class='ocrx_word' id='word_1_222' title='bbox 239 3731 327 3790; x_wconf 86' lang='lat' dir='ltr'><strong>fnisse</strong></span> <span class='ocrx_word' id='word_1_223' title='bbox 345 3746 488 3791; x_wconf 85' lang='lat' dir='ltr'><strong>censeant.</strong></span> <span class='ocrx_word' id='word_1_224' title='bbox 506 3737 586 3805; x_wconf 91' lang='lat' dir='ltr'><strong>Quos</strong></span> <span class='ocrx_word' id='word_1_225' title='bbox 606 3736 730 3812; x_wconf 90' lang='lat' dir='ltr'><strong>gravitas</strong></span> <span class='ocrx_word' id='word_1_226' title='bbox 750 3759 814 3796; x_wconf 90' lang='lat' dir='ltr'><strong>sen·</strong></span> 
     </span>
     <span class='ocr_line' id='line_1_36' title="bbox 55 3816 816 3900; baseline 0.014 -27"><span class='ocrx_word' id='word_1_227' title='bbox 55 3816 220 3894; x_wconf 87' lang='lat' dir='ltr'><strong>tentiarum,</strong></span> <span class='ocrx_word' id='word_1_228' title='bbox 230 3837 295 3895; x_wconf 79' lang='lat' dir='ltr'><strong>(quae</strong></span> <span class='ocrx_word' id='word_1_229' title='bbox 309 3819 339 3878; x_wconf 90' lang='lat' dir='ltr'><strong>in</strong></span> <span class='ocrx_word' id='word_1_230' title='bbox 352 3821 518 3898; x_wconf 78' lang='lat' dir='ltr'><strong>fragmentis</strong></span> <span class='ocrx_word' id='word_1_231' title='bbox 530 3823 720 3900; x_wconf 82' lang='lat' dir='ltr'><strong>expromitur,</strong></span> <span class='ocrx_word' id='word_1_232' title='bbox 731 3825 816 3884; x_wconf 89' lang='lat' dir='ltr'><strong>falsos</strong></span> 
     </span>
     <span class='ocr_line' id='line_1_37' title="bbox 53 3905 815 3987; baseline 0.017 -27"><span class='ocrx_word' id='word_1_233' title='bbox 53 3922 116 3961; x_wconf 87' lang='lat' dir='ltr'><strong>esse</strong></span> <span class='ocrx_word' id='word_1_234' title='bbox 130 3906 198 3964; x_wconf 88' lang='lat' dir='ltr'><strong>satis</strong></span> <span class='ocrx_word' id='word_1_235' title='bbox 212 3905 348 3980; x_wconf 90' lang='lat' dir='ltr'><strong>declarat,</strong></span> <span class='ocrx_word' id='word_1_236' title='bbox 367 3908 397 3965; x_wconf 92' lang='lat' dir='ltr'><strong>id</strong></span> <span class='ocrx_word' id='word_1_237' title='bbox 411 3908 491 3986; x_wconf 88' lang='lat' dir='ltr'><strong>quod</strong></span> <span class='ocrx_word' id='word_1_238' title='bbox 508 3910 617 3987; x_wconf 91' lang='lat' dir='ltr'><strong>optime</strong></span> <span class='ocrx_word' id='word_1_239' title='bbox 637 3910 815 3973; x_wconf 86' lang='lat' dir='ltr'><strong>demonstra-</strong></span> 
     </span>
     <span class='ocr_line' id='line_1_38' title="bbox 55 3993 394 4055; baseline 0.021 -7"><span class='ocrx_word' id='word_1_240' title='bbox 55 4005 115 4050; x_wconf 91' lang='lat' dir='ltr'><strong>tum</strong></span> <span class='ocrx_word' id='word_1_241' title='bbox 131 4005 174 4050; x_wconf 89' lang='lat' dir='ltr'><strong>est</strong></span> <span class='ocrx_word' id='word_1_242' title='bbox 187 3993 224 4052; x_wconf 89' lang='lat' dir='ltr'><strong>ab</strong></span> <span class='ocrx_word' id='word_1_243' title='bbox 238 3997 394 4055; x_wconf 82' lang='lat' dir='ltr'><strong>Welclxero.</strong></span> 
     </span>
    </p>

    <p class='ocr_par' dir='ltr' id='par_1_9' title="bbox 55 4082 819 4872">
     <span class='ocr_line' id='line_1_39' title="bbox 94 4082 815 4166; baseline 0.017 -29"><span class='ocrx_word' id='word_1_244' title='bbox 94 4084 182 4138; x_wconf 89' lang='lat' dir='ltr'><strong>Poeta</strong></span> <span class='ocrx_word' id='word_1_245' title='bbox 196 4082 220 4140; x_wconf 92' lang='lat' dir='ltr'><strong>si</strong></span> <span class='ocrx_word' id='word_1_246' title='bbox 235 4083 305 4142; x_wconf 93' lang='lat' dir='ltr'><strong>illud</strong></span> <span class='ocrx_word' id='word_1_247' title='bbox 319 4097 518 4162; x_wconf 87' lang='lat' dir='ltr'><strong>argumentum</strong></span> <span class='ocrx_word' id='word_1_248' title='bbox 534 4089 664 4146; x_wconf 88' lang='lat' dir='ltr'><strong>tractavit</strong></span> <span class='ocrx_word' id='word_1_249' title='bbox 675 4089 753 4166; x_wconf 91' lang='lat' dir='ltr'><strong>quod</strong></span> <span class='ocrx_word' id='word_1_250' title='bbox 772 4091 815 4150; x_wconf 89' lang='lat' dir='ltr'><strong>di-</strong></span> 
     </span>
     <span class='ocr_line' id='line_1_40' title="bbox 56 4171 817 4258; baseline 0.018 -33"><span class='ocrx_word' id='word_1_251' title='bbox 56 4189 165 4243; x_wconf 89' lang='lat' dir='ltr'><strong>xrmus,</strong></span> <span class='ocrx_word' id='word_1_252' title='bbox 185 4171 263 4229; x_wconf 86' lang='lat' dir='ltr'><strong>haud</strong></span> <span class='ocrx_word' id='word_1_253' title='bbox 285 4173 373 4232; x_wconf 90' lang='lat' dir='ltr'><strong>dubie</strong></span> <span class='ocrx_word' id='word_1_254' title='bbox 391 4173 489 4234; x_wconf 91' lang='lat' dir='ltr'><strong>eadem</strong></span> <span class='ocrx_word' id='word_1_255' title='bbox 511 4175 561 4234; x_wconf 87' lang='lat' dir='ltr'><strong>illa</strong></span> <span class='ocrx_word' id='word_1_256' title='bbox 581 4179 727 4255; x_wconf 87' lang='lat' dir='ltr'><strong>exposuit,</strong></span> <span class='ocrx_word' id='word_1_257' title='bbox 753 4201 817 4258; x_wconf 84' lang='lat' dir='ltr'><strong>quae</strong></span> 
     </span>
     <span class='ocr_line' id='line_1_41' title="bbox 55 4261 816 4343; baseline 0.017 -28"><span class='ocrx_word' id='word_1_258' title='bbox 55 4261 198 4318; x_wconf 88' lang='lat' dir='ltr'><strong>Homerus</strong></span> <span class='ocrx_word' id='word_1_259' title='bbox 214 4261 329 4320; x_wconf 80' lang='lat' dir='ltr'><strong>Ulixem</strong></span> <span class='ocrx_word' id='word_1_260' title='bbox 352 4264 442 4341; x_wconf 87' lang='lat' dir='ltr'><strong>egisse</strong></span> <span class='ocrx_word' id='word_1_261' title='bbox 464 4277 576 4339; x_wconf 89' lang='lat' dir='ltr'><strong>narrat,</strong></span> <span class='ocrx_word' id='word_1_262' title='bbox 599 4286 690 4343; x_wconf 91' lang='lat' dir='ltr'><strong>quum</strong></span> <span class='ocrx_word' id='word_1_263' title='bbox 710 4268 816 4328; x_wconf 81' lang='lat' dir='ltr'><strong>caedem</strong></span> 
     </span>
     <span class='ocr_line' id='line_1_42' title="bbox 55 4354 818 4428; baseline 0.016 -26"><span class='ocrx_word' id='word_1_264' title='bbox 55 4366 210 4424; x_wconf 86' lang='lat' dir='ltr'><strong>procorum</strong></span> <span class='ocrx_word' id='word_1_265' title='bbox 237 4365 422 4428; x_wconf 77' lang='lat' dir='ltr'><strong>praepararet.</strong></span> <span class='ocrx_word' id='word_1_266' title='bbox 458 4354 558 4428; x_wconf 81' lang='lat' dir='ltr'><strong>Ulixes</strong></span> <span class='ocrx_word' id='word_1_267' title='bbox 582 4356 656 4414; x_wconf 91' lang='lat' dir='ltr'><strong>enim</strong></span> <span class='ocrx_word' id='word_1_268' title='bbox 689 4356 818 4416; x_wconf 89' lang='lat' dir='ltr'><strong>audierat</strong></span> 
     </span>
     <span class='ocr_line' id='line_1_43' title="bbox 56 4436 818 4524; baseline 0.018 -33"><span class='ocrx_word' id='word_1_269' title='bbox 56 4449 174 4512; x_wconf 90' lang='lat' dir='ltr'><strong>postero</strong></span> <span class='ocrx_word' id='word_1_270' title='bbox 188 4436 235 4496; x_wconf 93' lang='lat' dir='ltr'><strong>die</strong></span> <span class='ocrx_word' id='word_1_271' title='bbox 249 4440 421 4519; x_wconf 87' lang='lat' dir='ltr'><strong>Penelopam</strong></span> <span class='ocrx_word' id='word_1_272' title='bbox 433 4455 576 4502; x_wconf 88' lang='lat' dir='ltr'><strong>certamen</strong></span> <span class='ocrx_word' id='word_1_273' title='bbox 591 4444 688 4522; x_wconf 90' lang='lat' dir='ltr'><strong>procis</strong></span> <span class='ocrx_word' id='word_1_274' title='bbox 707 4465 818 4524; x_wconf 91' lang='lat' dir='ltr'><strong>propo-</strong></span> 
     </span>
     <span class='ocr_line' id='line_1_44' title="bbox 55 4523 817 4612; baseline 0.017 -32"><span class='ocrx_word' id='word_1_275' title='bbox 55 4523 182 4596; x_wconf 90' lang='lat' dir='ltr'><strong>sitnram,</strong></span> <span class='ocrx_word' id='word_1_276' title='bbox 191 4547 248 4603; x_wconf 92' lang='lat' dir='ltr'><strong>quo</strong></span> <span class='ocrx_word' id='word_1_277' title='bbox 261 4529 310 4606; x_wconf 93' lang='lat' dir='ltr'><strong>qui</strong></span> <span class='ocrx_word' id='word_1_278' title='bbox 322 4530 416 4588; x_wconf 89' lang='lat' dir='ltr'><strong>victor</strong></span> <span class='ocrx_word' id='word_1_279' title='bbox 428 4531 571 4603; x_wconf 89' lang='lat' dir='ltr'><strong>evasisset,</strong></span> <span class='ocrx_word' id='word_1_280' title='bbox 585 4533 610 4590; x_wconf 91' lang='lat' dir='ltr'><strong>ei</strong></span> <span class='ocrx_word' id='word_1_281' title='bbox 621 4553 651 4590; x_wconf 92' lang='lat' dir='ltr'><strong>se</strong></span> <span class='ocrx_word' id='word_1_282' title='bbox 664 4546 817 4612; x_wconf 79' lang='lat' dir='ltr'><strong>nupturam</strong></span> 
     </span>
     <span class='ocr_line' id='line_1_45' title="bbox 56 4616 818 4697; baseline 0.02 -30"><span class='ocrx_word' id='word_1_283' title='bbox 56 4630 126 4670; x_wconf 89' lang='lat' dir='ltr'><strong>esse.</strong></span> <span class='ocrx_word' id='word_1_284' title='bbox 143 4616 205 4684; x_wconf 91' lang='lat' dir='ltr'><strong>Qua</strong></span> <span class='ocrx_word' id='word_1_285' title='bbox 220 4635 251 4674; x_wconf 90' lang='lat' dir='ltr'><strong>re</strong></span> <span class='ocrx_word' id='word_1_286' title='bbox 266 4617 453 4695; x_wconf 87' lang='lat' dir='ltr'><strong>perturbatus</strong></span> <span class='ocrx_word' id='word_1_287' title='bbox 472 4639 561 4697; x_wconf 89' lang='lat' dir='ltr'><strong>quum</strong></span> <span class='ocrx_word' id='word_1_288' title='bbox 585 4631 673 4680; x_wconf 92' lang='lat' dir='ltr'><strong>noctu</strong></span> <span class='ocrx_word' id='word_1_289' title='bbox 687 4641 818 4682; x_wconf 85' lang='lat' dir='ltr'><strong>somnum</strong></span> 
     </span>
     <span class='ocr_line' id='line_1_46' title="bbox 56 4699 819 4791; baseline 0.021 -35"><span class='ocrx_word' id='word_1_290' title='bbox 56 4699 106 4758; x_wconf 90' lang='lat' dir='ltr'><strong>din</strong></span> <span class='ocrx_word' id='word_1_291' title='bbox 127 4723 231 4781; x_wconf 85' lang='lat' dir='ltr'><strong>capere</strong></span> <span class='ocrx_word' id='word_1_292' title='bbox 251 4726 309 4764; x_wconf 90' lang='lat' dir='ltr'><strong>non</strong></span> <span class='ocrx_word' id='word_1_293' title='bbox 324 4707 474 4787; x_wconf 87' lang='lat' dir='ltr'><strong>potuisset,</strong></span> <span class='ocrx_word' id='word_1_294' title='bbox 489 4722 636 4789; x_wconf 92' lang='lat' dir='ltr'><strong>postremo</strong></span> <span class='ocrx_word' id='word_1_295' title='bbox 651 4712 819 4791; x_wconf 89' lang='lat' dir='ltr'><strong>consopitus</strong></span> 
     </span>
     <span class='ocr_line' id='line_1_47' title="bbox 56 4793 817 4872; baseline 0.02 -28"><span class='ocrx_word' id='word_1_296' title='bbox 56 4805 139 4848; x_wconf 91' lang='lat' dir='ltr'><strong>mane</strong></span> <span class='ocrx_word' id='word_1_297' title='bbox 161 4793 302 4853; x_wconf 90' lang='lat' dir='ltr'><strong>excitatus</strong></span> <span class='ocrx_word' id='word_1_298' title='bbox 324 4808 398 4872; x_wconf 88' lang='lat' dir='ltr'><strong>esset</strong></span> <span class='ocrx_word' id='word_1_299' title='bbox 416 4816 433 4855; x_wconf 89' lang='lat' dir='ltr'><strong>a</strong></span> <span class='ocrx_word' id='word_1_300' title='bbox 456 4799 601 4872; x_wconf 81' lang='lat' dir='ltr'><strong>Minerva,</strong></span> <span class='ocrx_word' id='word_1_301' title='bbox 626 4801 728 4870; x_wconf 82' lang='lat' dir='ltr'><strong>ceteris</strong></span> <span class='ocrx_word' id='word_1_302' title='bbox 749 4801 817 4859; x_wconf 93' lang='lat' dir='ltr'><strong>dor·</strong></span> 
     </span>
    </p>
   </div>
   <div class='ocr_carea' id='block_1_8' title="bbox 403 4967 466 5020">
    <p class='ocr_par' dir='ltr' id='par_1_10' title="bbox 403 4967 466 5020">
     <span class='ocr_line' id='line_1_48' title="bbox 403 4967 466 5020; baseline 0 -2"><span class='ocrx_word' id='word_1_303' title='bbox 403 4967 466 5020; x_wconf 76' lang='grc'><strong>266.</strong></span> 
     </span>
    </p>
   </div>
   <div class='ocr_carea' id='block_1_9' title="bbox 267 5039 479 5169">
    <p class='ocr_par' dir='ltr' id='par_1_11' title="bbox 267 5039 479 5169">
     <span class='ocr_line' id='line_1_49' title="bbox 267 5039 479 5098; baseline 0.009 -2"><span class='ocrx_word' id='word_1_304' title='bbox 267 5042 305 5096; x_wconf 81' lang='lat' dir='ltr'><strong>Et</strong></span> <span class='ocrx_word' id='word_1_305' title='bbox 316 5040 371 5098; x_wconf 84' lang='lat' dir='ltr'><strong>cibi</strong></span> <span class='ocrx_word' id='word_1_306' title='bbox 381 5039 479 5098; x_wconf 90' lang='lat' dir='ltr'><strong>frusta.</strong></span> 
     </span>
     <span class='ocr_line' id='line_1_50' title="bbox 405 5117 469 5169; baseline 0.016 -1"><span class='ocrx_word' id='word_1_307' title='bbox 405 5117 469 5169; x_wconf 74' lang='grc'><strong>261.</strong></span> 
     </span>
    </p>
   </div>
   <div class='ocr_carea' id='block_1_10' title="bbox 181 5187 640 5265">
    <p class='ocr_par' dir='ltr' id='par_1_12' title="bbox 181 5187 640 5265">
     <span class='ocr_line' id='line_1_51' title="bbox 181 5187 640 5265; baseline 0.02 -22"><span class='ocrx_word' id='word_1_308' title='bbox 181 5189 241 5260; x_wconf 84' lang='lat' dir='ltr'><strong>Ego</strong></span> <span class='ocrx_word' id='word_1_309' title='bbox 251 5187 327 5247; x_wconf 87' lang='lat' dir='ltr'><strong>lanio</strong></span> <span class='ocrx_word' id='word_1_310' title='bbox 341 5191 477 5265; x_wconf 86' lang='lat' dir='ltr'><strong>sapienter</strong></span> <span class='ocrx_word' id='word_1_311' title='bbox 491 5193 640 5252; x_wconf 86' lang='lat' dir='ltr'><strong>dissecabo.</strong></span> 
     </span>
    </p>
   </div>
   <div class='ocr_carea' id='block_1_11' title="bbox 1560 398 1616 450">
    <p class='ocr_par' dir='ltr' id='par_1_13' title="bbox 1560 398 1616 450">
     <span class='ocr_line' id='line_1_52' title="bbox 1560 398 1616 450; baseline -0.036 0"><span class='ocrx_word' id='word_1_312' title='bbox 1560 398 1616 450; x_wconf 74' lang='grc'><strong>296</strong></span> 
     </span>
    </p>
   </div>
   <div class='ocr_carea' id='block_1_12' title="bbox 855 518 1620 678">
    <p class='ocr_par' dir='ltr' id='par_1_14' title="bbox 855 518 1620 678">
     <span class='ocr_line' id='line_1_53' title="bbox 855 518 1618 599; baseline 0.001 -21"><span class='ocrx_word' id='word_1_313' title='bbox 855 518 1022 590; x_wconf 89' lang='lat' dir='ltr'><strong>mientibus,</strong></span> <span class='ocrx_word' id='word_1_314' title='bbox 1044 519 1194 578; x_wconf 89' lang='lat' dir='ltr'><strong>certamini</strong></span> <span class='ocrx_word' id='word_1_315' title='bbox 1209 520 1289 599; x_wconf 91' lang='lat' dir='ltr'><strong>quod</strong></span> <span class='ocrx_word' id='word_1_316' title='bbox 1309 519 1436 579; x_wconf 88' lang='lat' dir='ltr'><strong>instabat</strong></span> <span class='ocrx_word' id='word_1_317' title='bbox 1459 541 1520 580; x_wconf 87' lang='lat' dir='ltr'><strong>sese</strong></span> <span class='ocrx_word' id='word_1_318' title='bbox 1539 539 1618 599; x_wconf 81' lang='lat' dir='ltr'><strong>prae-</strong></span> 
     </span>
     <span class='ocr_line' id='line_1_54' title="bbox 855 599 1620 678; baseline -0.003 -20"><span class='ocrx_word' id='word_1_319' title='bbox 855 611 946 678; x_wconf 86' lang='lat' dir='ltr'><strong>parat.</strong></span> <span class='ocrx_word' id='word_1_320' title='bbox 964 603 1085 672; x_wconf 89' lang='lat' dir='ltr'><strong>Verum,</strong></span> <span class='ocrx_word' id='word_1_321' title='bbox 1107 599 1202 676; x_wconf 90' lang='lat' dir='ltr'><strong>inquit</strong></span> <span class='ocrx_word' id='word_1_322' title='bbox 1224 600 1408 674; x_wconf 87' lang='lat' dir='ltr'><strong>Wclckerus,</strong></span> <span class='ocrx_word' id='word_1_323' title='bbox 1422 599 1483 659; x_wconf 90' lang='lat' dir='ltr'><strong>dies</strong></span> <span class='ocrx_word' id='word_1_324' title='bbox 1498 600 1546 658; x_wconf 93' lang='lat' dir='ltr'><strong>ille</strong></span> <span class='ocrx_word' id='word_1_325' title='bbox 1560 619 1620 658; x_wconf 91' lang='lat' dir='ltr'><strong>non</strong></span> 
     </span>
    </p>
   </div>
   <div class='ocr_carea' id='block_1_13' title="bbox 855 686 1710 4379">
    <p class='ocr_par' dir='ltr' id='par_1_15' title="bbox 855 686 1710 1911">
     <span class='ocr_line' id='line_1_55' title="bbox 855 686 1621 764; baseline 0.001 -20"><span class='ocrx_word' id='word_1_326' title='bbox 855 687 911 745; x_wconf 93' lang='lat' dir='ltr'><strong>fnit</strong></span> <span class='ocrx_word' id='word_1_327' title='bbox 926 707 1000 746; x_wconf 92' lang='lat' dir='ltr'><strong>unus</strong></span> <span class='ocrx_word' id='word_1_328' title='bbox 1010 686 1113 764; x_wconf 88' lang='lat' dir='ltr'><strong>aliquis</strong></span> <span class='ocrx_word' id='word_1_329' title='bbox 1126 707 1162 745; x_wconf 89' lang='lat' dir='ltr'><strong>ex</strong></span> <span class='ocrx_word' id='word_1_330' title='bbox 1176 687 1283 756; x_wconf 90' lang='lat' dir='ltr'><strong>multis,</strong></span> <span class='ocrx_word' id='word_1_331' title='bbox 1298 688 1348 747; x_wconf 90' lang='lat' dir='ltr'><strong>sed</strong></span> <span class='ocrx_word' id='word_1_332' title='bbox 1364 688 1466 748; x_wconf 87' lang='lat' dir='ltr'><strong>festum</strong></span> <span class='ocrx_word' id='word_1_333' title='bbox 1479 687 1621 748; x_wconf 88' lang='lat' dir='ltr'><strong>novilunii</strong></span> 
     </span>
     <span class='ocr_line' id='line_1_56' title="bbox 855 774 1617 853; baseline -0.001 -19"><span class='ocrx_word' id='word_1_334' title='bbox 855 774 990 851; x_wconf 88' lang='lat' dir='ltr'><strong>instabat,</strong></span> <span class='ocrx_word' id='word_1_335' title='bbox 1008 774 1088 853; x_wconf 82' lang='lat' dir='ltr'><strong>quod</strong></span> <span class='ocrx_word' id='word_1_336' title='bbox 1105 777 1230 853; x_wconf 77' lang='lat' dir='ltr'><strong>Apollini</strong></span> <span class='ocrx_word' id='word_1_337' title='bbox 1244 777 1401 852; x_wconf 85' lang='lat' dir='ltr'><strong>Clytotoxo</strong></span> <span class='ocrx_word' id='word_1_338' title='bbox 1416 797 1529 836; x_wconf 89' lang='lat' dir='ltr'><strong>sacrum</strong></span> <span class='ocrx_word' id='word_1_339' title='bbox 1544 787 1617 836; x_wconf 89' lang='lat' dir='ltr'><strong>erat.</strong></span> 
     </span>
     <span class='ocr_line' id='line_1_57' title="bbox 856 863 1622 943; baseline -0.001 -20"><span class='ocrx_word' id='word_1_340' title='bbox 856 864 988 924; x_wconf 87' lang='lat' dir='ltr'><strong>Gravitas</strong></span> <span class='ocrx_word' id='word_1_341' title='bbox 999 865 1088 943; x_wconf 90' lang='lat' dir='ltr'><strong>igitur</strong></span> <span class='ocrx_word' id='word_1_342' title='bbox 1105 863 1249 941; x_wconf 82' lang='lat' dir='ltr'><strong>tragoediae</strong></span> <span class='ocrx_word' id='word_1_343' title='bbox 1261 877 1290 923; x_wconf 87' lang='lat' dir='ltr'><strong>et</strong></span> <span class='ocrx_word' id='word_1_344' title='bbox 1308 867 1372 924; x_wconf 91' lang='lat' dir='ltr'><strong>loco</strong></span> <span class='ocrx_word' id='word_1_345' title='bbox 1389 877 1419 923; x_wconf 92' lang='lat' dir='ltr'><strong>et</strong></span> <span class='ocrx_word' id='word_1_346' title='bbox 1433 864 1490 936; x_wconf 87' lang='lat' dir='ltr'><strong>die,</strong></span> <span class='ocrx_word' id='word_1_347' title='bbox 1503 885 1565 942; x_wconf 87' lang='lat' dir='ltr'><strong>quo</strong></span> <span class='ocrx_word' id='word_1_348' title='bbox 1577 882 1622 922; x_wconf 90' lang='lat' dir='ltr'><strong>res</strong></span> 
     </span>
     <span class='ocr_line' id='line_1_58' title="bbox 857 949 1623 1030; baseline 0 -21"><span class='ocrx_word' id='word_1_349' title='bbox 857 949 1021 1029; x_wconf 85' lang='lat' dir='ltr'><strong>gerebatur,</strong></span> <span class='ocrx_word' id='word_1_350' title='bbox 1040 963 1069 1010; x_wconf 92' lang='lat' dir='ltr'><strong>et</strong></span> <span class='ocrx_word' id='word_1_351' title='bbox 1082 951 1205 1010; x_wconf 90' lang='lat' dir='ltr'><strong>victoria</strong></span> <span class='ocrx_word' id='word_1_352' title='bbox 1220 964 1250 1010; x_wconf 88' lang='lat' dir='ltr'><strong>ct</strong></span> <span class='ocrx_word' id='word_1_353' title='bbox 1270 953 1391 1025; x_wconf 88' lang='lat' dir='ltr'><strong>ultione,</strong></span> <span class='ocrx_word' id='word_1_354' title='bbox 1408 972 1495 1030; x_wconf 90' lang='lat' dir='ltr'><strong>quam</strong></span> <span class='ocrx_word' id='word_1_355' title='bbox 1515 951 1623 1029; x_wconf 82' lang='lat' dir='ltr'><strong>Apollo</strong></span> 
     </span>
     <span class='ocr_line' id='line_1_59' title="bbox 857 1039 1622 1118; baseline -0.001 -21"><span class='ocrx_word' id='word_1_356' title='bbox 857 1039 894 1098; x_wconf 90' lang='lat' dir='ltr'><strong>de</strong></span> <span class='ocrx_word' id='word_1_357' title='bbox 908 1039 1005 1118; x_wconf 89' lang='lat' dir='ltr'><strong>procis</strong></span> <span class='ocrx_word' id='word_1_358' title='bbox 1021 1059 1134 1099; x_wconf 90' lang='lat' dir='ltr'><strong>sumere</strong></span> <span class='ocrx_word' id='word_1_359' title='bbox 1147 1039 1311 1113; x_wconf 89' lang='lat' dir='ltr'><strong>videbatur,</strong></span> <span class='ocrx_word' id='word_1_360' title='bbox 1324 1041 1445 1101; x_wconf 89' lang='lat' dir='ltr'><strong>adaucta</strong></span> <span class='ocrx_word' id='word_1_361' title='bbox 1459 1053 1511 1104; x_wconf 84' lang='lat' dir='ltr'><strong>est.</strong></span> <span class='ocrx_word' id='word_1_362' title='bbox 1527 1039 1622 1098; x_wconf 91' lang='lat' dir='ltr'><strong>Idem·</strong></span> 
     </span>
     <span class='ocr_line' id='line_1_60' title="bbox 857 1128 1624 1206; baseline 0 -20"><span class='ocrx_word' id='word_1_363' title='bbox 857 1147 914 1205; x_wconf 89' lang='lat' dir='ltr'><strong>que</strong></span> <span class='ocrx_word' id='word_1_364' title='bbox 932 1128 1017 1187; x_wconf 91' lang='lat' dir='ltr'><strong>etiam</strong></span> <span class='ocrx_word' id='word_1_365' title='bbox 1044 1129 1073 1186; x_wconf 91' lang='lat' dir='ltr'><strong>in</strong></span> <span class='ocrx_word' id='word_1_366' title='bbox 1092 1128 1223 1206; x_wconf 86' lang='lat' dir='ltr'><strong>Odyssea</strong></span> <span class='ocrx_word' id='word_1_367' title='bbox 1246 1129 1406 1202; x_wconf 88' lang='lat' dir='ltr'><strong>indicatur,</strong></span> <span class='ocrx_word' id='word_1_368' title='bbox 1426 1128 1569 1206; x_wconf 87' lang='lat' dir='ltr'><strong>siquidem</strong></span> <span class='ocrx_word' id='word_1_369' title='bbox 1594 1143 1624 1186; x_wconf 92' lang='lat' dir='ltr'><strong>et</strong></span> 
     </span>
     <span class='ocr_line' id='line_1_61' title="bbox 857 1214 1628 1294; baseline -0.001 -20"><span class='ocrx_word' id='word_1_370' title='bbox 857 1216 1003 1294; x_wconf 89' lang='lat' dir='ltr'><strong>Penelopa</strong></span> <span class='ocrx_word' id='word_1_371' title='bbox 1017 1214 1055 1274; x_wconf 93' lang='lat' dir='ltr'><strong>ob</strong></span> <span class='ocrx_word' id='word_1_372' title='bbox 1075 1235 1138 1275; x_wconf 89' lang='lat' dir='ltr'><strong>eam</strong></span> <span class='ocrx_word' id='word_1_373' title='bbox 1152 1236 1267 1276; x_wconf 91' lang='lat' dir='ltr'><strong>causam</strong></span> <span class='ocrx_word' id='word_1_374' title='bbox 1280 1217 1366 1276; x_wconf 91' lang='lat' dir='ltr'><strong>istum</strong></span> <span class='ocrx_word' id='word_1_375' title='bbox 1382 1216 1458 1275; x_wconf 86' lang='lat' dir='ltr'><strong>diem</strong></span> <span class='ocrx_word' id='word_1_376' title='bbox 1474 1215 1628 1275; x_wconf 86' lang='lat' dir='ltr'><strong>certamini</strong></span> 
     </span>
     <span class='ocr_line' id='line_1_62' title="bbox 857 1303 1624 1383; baseline -0.003 -21"><span class='ocrx_word' id='word_1_377' title='bbox 857 1304 1007 1363; x_wconf 91' lang='lat' dir='ltr'><strong>constituit</strong></span> <span class='ocrx_word' id='word_1_378' title='bbox 1037 1323 1132 1382; x_wconf 92' lang='lat' dir='ltr'><strong>neque</strong></span> <span class='ocrx_word' id='word_1_379' title='bbox 1153 1305 1255 1383; x_wconf 92' lang='lat' dir='ltr'><strong>proci,</strong></span> <span class='ocrx_word' id='word_1_380' title='bbox 1287 1303 1514 1382; x_wconf 89' lang='lat' dir='ltr'><strong>quamobrem</strong></span> <span class='ocrx_word' id='word_1_381' title='bbox 1551 1303 1624 1362; x_wconf 91' lang='lat' dir='ltr'><strong>illud</strong></span> 
     </span>
     <span class='ocr_line' id='line_1_63' title="bbox 858 1391 1625 1471; baseline -0.004 -21"><span class='ocrx_word' id='word_1_382' title='bbox 858 1391 965 1450; x_wconf 90' lang='lat' dir='ltr'><strong>factum</strong></span> <span class='ocrx_word' id='word_1_383' title='bbox 992 1391 1038 1464; x_wconf 88' lang='lat' dir='ltr'><strong>sit,</strong></span> <span class='ocrx_word' id='word_1_384' title='bbox 1063 1392 1270 1470; x_wconf 88' lang='lat' dir='ltr'><strong>ignoraverunt</strong></span> <span class='ocrx_word' id='word_1_385' title='bbox 1295 1396 1344 1471; x_wconf 81' lang='grc' dir='ltr'><strong>(Φ,</strong></span> <span class='ocrx_word' id='word_1_386' title='bbox 1368 1393 1437 1471; x_wconf 80' lang='grc' dir='ltr'><strong>ο38,</strong></span> <span class='ocrx_word' id='word_1_387' title='bbox 1465 1393 1533 1464; x_wconf 82' lang='grc' dir='ltr'><strong>ο68,</strong></span> <span class='ocrx_word' id='word_1_388' title='bbox 1555 1391 1625 1468; x_wconf 78' lang='grc' dir='ltr'><strong>ο68)</strong></span> 
     </span>
     <span class='ocr_line' id='line_1_64' title="bbox 858 1479 1710 1560; baseline -0.006 -22"><span class='ocrx_word' id='word_1_389' title='bbox 858 1491 888 1538; x_wconf 88' lang='lat' dir='ltr'><strong>et</strong></span> <span class='ocrx_word' id='word_1_390' title='bbox 902 1479 1003 1539; x_wconf 84' lang='lat' dir='ltr'><strong>Ulixes</strong></span> <span class='ocrx_word' id='word_1_391' title='bbox 1016 1479 1097 1538; x_wconf 93' lang='lat' dir='ltr'><strong>illum</strong></span> <span class='ocrx_word' id='word_1_392' title='bbox 1110 1482 1204 1559; x_wconf 92' lang='lat' dir='ltr'><strong>ipsum</strong></span> <span class='ocrx_word' id='word_1_393' title='bbox 1217 1481 1292 1540; x_wconf 91' lang='lat' dir='ltr'><strong>diem</strong></span> <span class='ocrx_word' id='word_1_394' title='bbox 1305 1481 1341 1540; x_wconf 91' lang='lat' dir='ltr'><strong>ad</strong></span> <span class='ocrx_word' id='word_1_395' title='bbox 1358 1481 1541 1560; x_wconf 87' lang='lat' dir='ltr'><strong>perimendos</strong></span> <span class='ocrx_word' id='word_1_396' title='bbox 1554 1499 1625 1558; x_wconf 89' lang='lat' dir='ltr'><strong>pro·</strong></span> <span class='ocrx_word' id='word_1_397' title='bbox 1706 1527 1710 1534; x_wconf 92' lang='lat'><strong>.</strong></span> 
     </span>
     <span class='ocr_line' id='line_1_65' title="bbox 858 1567 1624 1646; baseline -0.004 -20"><span class='ocrx_word' id='word_1_398' title='bbox 858 1587 908 1626; x_wconf 86' lang='lat' dir='ltr'><strong>cos</strong></span> <span class='ocrx_word' id='word_1_399' title='bbox 925 1568 1019 1646; x_wconf 90' lang='lat' dir='ltr'><strong>elegit.</strong></span> <span class='ocrx_word' id='word_1_400' title='bbox 1034 1567 1163 1628; x_wconf 91' lang='lat' dir='ltr'><strong>Chorum</strong></span> <span class='ocrx_word' id='word_1_401' title='bbox 1175 1570 1344 1628; x_wconf 82' lang='lat' dir='ltr'><strong>Welclxerus</strong></span> <span class='ocrx_word' id='word_1_402' title='bbox 1359 1570 1539 1628; x_wconf 84' lang='lat' dir='ltr'><strong>solemnitate</strong></span> <span class='ocrx_word' id='word_1_403' title='bbox 1560 1567 1624 1624; x_wconf 89' lang='lat' dir='ltr'><strong>festi</strong></span> 
     </span>
     <span class='ocr_line' id='line_1_66' title="bbox 859 1655 1625 1735; baseline 0 -22"><span class='ocrx_word' id='word_1_404' title='bbox 859 1667 1031 1734; x_wconf 89' lang='lat' dir='ltr'><strong>occupatum</strong></span> <span class='ocrx_word' id='word_1_405' title='bbox 1063 1657 1149 1714; x_wconf 89' lang='lat' dir='ltr'><strong>initio</strong></span> <span class='ocrx_word' id='word_1_406' title='bbox 1177 1655 1265 1716; x_wconf 88' lang='lat' dir='ltr'><strong>fuisse</strong></span> <span class='ocrx_word' id='word_1_407' title='bbox 1296 1657 1472 1735; x_wconf 86' lang='lat' dir='ltr'><strong>suspicatur,</strong></span> <span class='ocrx_word' id='word_1_408' title='bbox 1500 1656 1625 1732; x_wconf 90' lang='lat' dir='ltr'><strong>ideoque</strong></span> 
     </span>
     <span class='ocr_line' id='line_1_67' title="bbox 858 1743 1624 1822; baseline -0.004 -20"><span class='ocrx_word' id='word_1_409' title='bbox 858 1745 1059 1822; x_wconf 78' lang='lat' dir='ltr'><strong>fragmentum,</strong></span> <span class='ocrx_word' id='word_1_410' title='bbox 1073 1743 1153 1821; x_wconf 91' lang='lat' dir='ltr'><strong>quod</strong></span> <span class='ocrx_word' id='word_1_411' title='bbox 1165 1743 1233 1822; x_wconf 89' lang='lat' dir='ltr'><strong>jure</strong></span> <span class='ocrx_word' id='word_1_412' title='bbox 1245 1744 1335 1803; x_wconf 87' lang='lat' dir='ltr'><strong>choro</strong></span> <span class='ocrx_word' id='word_1_413' title='bbox 1348 1745 1505 1818; x_wconf 86' lang='lat' dir='ltr'><strong>tribuatur,</strong></span> <span class='ocrx_word' id='word_1_414' title='bbox 1527 1745 1624 1822; x_wconf 92' lang='lat' dir='ltr'><strong>primo</strong></span> 
     </span>
     <span class='ocr_line' id='line_1_68' title="bbox 860 1831 1544 1911; baseline -0.001 -20"><span class='ocrx_word' id='word_1_415' title='bbox 860 1833 939 1892; x_wconf 85' lang='lat' dir='ltr'><strong>illius</strong></span> <span class='ocrx_word' id='word_1_416' title='bbox 950 1831 1072 1890; x_wconf 88' lang='lat' dir='ltr'><strong>carmini</strong></span> <span class='ocrx_word' id='word_1_417' title='bbox 1083 1851 1144 1890; x_wconf 89' lang='lat' dir='ltr'><strong>esse</strong></span> <span class='ocrx_word' id='word_1_418' title='bbox 1158 1831 1360 1893; x_wconf 85' lang='lat' dir='ltr'><strong>vindicandum</strong></span> <span class='ocrx_word' id='word_1_419' title='bbox 1377 1853 1435 1892; x_wconf 91' lang='lat' dir='ltr'><strong>non</strong></span> <span class='ocrx_word' id='word_1_420' title='bbox 1453 1844 1544 1911; x_wconf 90' lang='lat' dir='ltr'><strong>putat.</strong></span> 
     </span>
    </p>

    <p class='ocr_par' dir='ltr' id='par_1_16' title="bbox 860 1921 1631 3411">
     <span class='ocr_line' id='line_1_69' title="bbox 901 1921 1627 2000; baseline -0.004 -19"><span class='ocrx_word' id='word_1_421' title='bbox 901 1927 1110 1999; x_wconf 84' lang='lat' dir='ltr'><strong>Argumentum</strong></span> <span class='ocrx_word' id='word_1_422' title='bbox 1122 1921 1266 2000; x_wconf 81' lang='lat' dir='ltr'><strong>tragoediae</strong></span> <span class='ocrx_word' id='word_1_423' title='bbox 1282 1934 1311 1980; x_wconf 90' lang='lat' dir='ltr'><strong>ct</strong></span> <span class='ocrx_word' id='word_1_424' title='bbox 1322 1942 1358 1981; x_wconf 85' lang='lat' dir='ltr'><strong>ex</strong></span> <span class='ocrx_word' id='word_1_425' title='bbox 1369 1923 1550 1999; x_wconf 78' lang='lat' dir='ltr'><strong>fragmentis,</strong></span> <span class='ocrx_word' id='word_1_426' title='bbox 1562 1941 1627 1999; x_wconf 81' lang='lat' dir='ltr'><strong>quae</strong></span> 
     </span>
     <span class='ocr_line' id='line_1_70' title="bbox 863 2009 1627 2086; baseline -0.003 -18"><span class='ocrx_word' id='word_1_427' title='bbox 863 2021 974 2068; x_wconf 91' lang='lat' dir='ltr'><strong>servata</strong></span> <span class='ocrx_word' id='word_1_428' title='bbox 995 2021 1081 2086; x_wconf 90' lang='lat' dir='ltr'><strong>sunt,</strong></span> <span class='ocrx_word' id='word_1_429' title='bbox 1102 2020 1132 2067; x_wconf 90' lang='lat' dir='ltr'><strong>et</strong></span> <span class='ocrx_word' id='word_1_430' title='bbox 1155 2029 1191 2067; x_wconf 92' lang='lat' dir='ltr'><strong>ex</strong></span> <span class='ocrx_word' id='word_1_431' title='bbox 1210 2012 1329 2068; x_wconf 88' lang='lat' dir='ltr'><strong>Homeri</strong></span> <span class='ocrx_word' id='word_1_432' title='bbox 1353 2009 1528 2068; x_wconf 89' lang='lat' dir='ltr'><strong>carminibus</strong></span> <span class='ocrx_word' id='word_1_433' title='bbox 1543 2010 1627 2068; x_wconf 87' lang='lat' dir='ltr'><strong>facile</strong></span> 
     </span>
     <span class='ocr_line' id='line_1_71' title="bbox 863 2095 1628 2175; baseline -0.004 -19"><span class='ocrx_word' id='word_1_434' title='bbox 863 2096 1058 2156; x_wconf 88' lang='lat' dir='ltr'><strong>constituitur.</strong></span> <span class='ocrx_word' id='word_1_435' title='bbox 1082 2100 1184 2175; x_wconf 83' lang='lat' dir='ltr'><strong>Neque</strong></span> <span class='ocrx_word' id='word_1_436' title='bbox 1203 2116 1271 2154; x_wconf 88' lang='lat' dir='ltr'><strong>rero</strong></span> <span class='ocrx_word' id='word_1_437' title='bbox 1293 2095 1481 2155; x_wconf 87' lang='lat' dir='ltr'><strong>dubitandum</strong></span> <span class='ocrx_word' id='word_1_438' title='bbox 1511 2096 1628 2154; x_wconf 86' lang='lat' dir='ltr'><strong>videtne</strong></span> 
     </span>
     <span class='ocr_line' id='line_1_72' title="bbox 864 2183 1627 2263; baseline -0.001 -21"><span class='ocrx_word' id='word_1_439' title='bbox 864 2185 934 2263; x_wconf 90' lang='lat' dir='ltr'><strong>quin</strong></span> <span class='ocrx_word' id='word_1_440' title='bbox 947 2202 1078 2263; x_wconf 88' lang='lat' dir='ltr'><strong>magnam</strong></span> <span class='ocrx_word' id='word_1_441' title='bbox 1092 2196 1204 2260; x_wconf 90' lang='lat' dir='ltr'><strong>partem</strong></span> <span class='ocrx_word' id='word_1_442' title='bbox 1219 2183 1364 2261; x_wconf 86' lang='lat' dir='ltr'><strong>tragoediae</strong></span> <span class='ocrx_word' id='word_1_443' title='bbox 1377 2185 1508 2263; x_wconf 71' lang='lat' dir='ltr'><strong>injuria,</strong></span> <span class='ocrx_word' id='word_1_444' title='bbox 1522 2183 1627 2262; x_wconf 90' lang='lat' dir='ltr'><strong>quibus</strong></span> 
     </span>
     <span class='ocr_line' id='line_1_73' title="bbox 863 2271 1629 2350; baseline -0.004 -19"><span class='ocrx_word' id='word_1_445' title='bbox 863 2272 988 2331; x_wconf 85' lang='lat' dir='ltr'><strong>Ulixesa</strong></span> <span class='ocrx_word' id='word_1_446' title='bbox 998 2271 1096 2348; x_wconf 90' lang='lat' dir='ltr'><strong>procis</strong></span> <span class='ocrx_word' id='word_1_447' title='bbox 1107 2272 1227 2330; x_wconf 88' lang='lat' dir='ltr'><strong>affectus</strong></span> <span class='ocrx_word' id='word_1_448' title='bbox 1241 2272 1288 2344; x_wconf 89' lang='lat' dir='ltr'><strong>sit,</strong></span> <span class='ocrx_word' id='word_1_449' title='bbox 1298 2271 1491 2350; x_wconf 90' lang='lat' dir='ltr'><strong>impleverint.</strong></span> <span class='ocrx_word' id='word_1_450' title='bbox 1507 2272 1552 2330; x_wconf 92' lang='lat' dir='ltr'><strong>Ad</strong></span> <span class='ocrx_word' id='word_1_451' title='bbox 1564 2292 1629 2350; x_wconf 72' lang='lat' dir='ltr'><strong>pro</strong></span> 
     </span>
     <span class='ocr_line' id='line_1_74' title="bbox 865 2359 1629 2439; baseline -0.001 -20"><span class='ocrx_word' id='word_1_452' title='bbox 865 2359 1629 2439; x_wconf 59' lang='lat' dir='ltr'><strong>cosacceditcoutnmelioseabiisaccipitur,scamno</strong></span> 
     </span>
     <span class='ocr_line' id='line_1_75' title="bbox 860 2446 1629 2526; baseline 0.001 -20"><span class='ocrx_word' id='word_1_453' title='bbox 860 2447 992 2525; x_wconf 89' lang='lat' dir='ltr'><strong>jactabis</strong></span> <span class='ocrx_word' id='word_1_454' title='bbox 1003 2448 1116 2526; x_wconf 90' lang='lat' dir='ltr'><strong>feritur,</strong></span> <span class='ocrx_word' id='word_1_455' title='bbox 1126 2446 1231 2506; x_wconf 90' lang='lat' dir='ltr'><strong>deinde</strong></span> <span class='ocrx_word' id='word_1_456' title='bbox 1240 2468 1256 2506; x_wconf 90' lang='lat' dir='ltr'><strong>a</strong></span> <span class='ocrx_word' id='word_1_457' title='bbox 1266 2449 1536 2526; x_wconf 86' lang='lat' dir='ltr'><strong>CtesippoSamensi</strong></span> <span class='ocrx_word' id='word_1_458' title='bbox 1546 2465 1629 2507; x_wconf 84' lang='lat' dir='ltr'><strong>crure</strong></span> 
     </span>
     <span class='ocr_line' id='line_1_76' title="bbox 865 2535 1628 2615; baseline 0 -20"><span class='ocrx_word' id='word_1_459' title='bbox 865 2535 976 2595; x_wconf 91' lang='lat' dir='ltr'><strong>bubulo</strong></span> <span class='ocrx_word' id='word_1_460' title='bbox 989 2536 1108 2615; x_wconf 88' lang='lat' dir='ltr'><strong>petitur.</strong></span> <span class='ocrx_word' id='word_1_461' title='bbox 1126 2536 1232 2595; x_wconf 87' lang='lat' dir='ltr'><strong>Omnia</strong></span> <span class='ocrx_word' id='word_1_462' title='bbox 1247 2537 1389 2614; x_wconf 89' lang='lat' dir='ltr'><strong>patienter</strong></span> <span class='ocrx_word' id='word_1_463' title='bbox 1404 2535 1477 2610; x_wconf 89' lang='lat' dir='ltr'><strong>fert,</strong></span> <span class='ocrx_word' id='word_1_464' title='bbox 1494 2537 1563 2595; x_wconf 92' lang='lat' dir='ltr'><strong>dum</strong></span> <span class='ocrx_word' id='word_1_465' title='bbox 1579 2538 1628 2596; x_wconf 92' lang='lat' dir='ltr'><strong>ul-</strong></span> 
     </span>
     <span class='ocr_line' id='line_1_77' title="bbox 865 2623 1628 2703; baseline 0.004 -23"><span class='ocrx_word' id='word_1_466' title='bbox 865 2623 972 2682; x_wconf 91' lang='lat' dir='ltr'><strong>tionem</strong></span> <span class='ocrx_word' id='word_1_467' title='bbox 984 2623 1039 2682; x_wconf 90' lang='lat' dir='ltr'><strong>sibi</strong></span> <span class='ocrx_word' id='word_1_468' title='bbox 1053 2635 1155 2702; x_wconf 89' lang='lat' dir='ltr'><strong>paret;</strong></span> <span class='ocrx_word' id='word_1_469' title='bbox 1176 2644 1270 2703; x_wconf 90' lang='lat' dir='ltr'><strong>neque</strong></span> <span class='ocrx_word' id='word_1_470' title='bbox 1282 2626 1413 2684; x_wconf 83' lang='lat' dir='ltr'><strong>Illinerva</strong></span> <span class='ocrx_word' id='word_1_471' title='bbox 1431 2623 1468 2683; x_wconf 90' lang='lat' dir='ltr'><strong>ab</strong></span> <span class='ocrx_word' id='word_1_472' title='bbox 1487 2625 1554 2698; x_wconf 92' lang='lat' dir='ltr'><strong>illo,</strong></span> <span class='ocrx_word' id='word_1_473' title='bbox 1569 2645 1628 2702; x_wconf 91' lang='lat' dir='ltr'><strong>quo</strong></span> 
     </span>
     <span class='ocr_line' id='line_1_78' title="bbox 864 2712 1628 2790; baseline 0 -20"><span class='ocrx_word' id='word_1_474' title='bbox 864 2712 1063 2771; x_wconf 89' lang='lat' dir='ltr'><strong>vehementius</strong></span> <span class='ocrx_word' id='word_1_475' title='bbox 1079 2714 1108 2770; x_wconf 87' lang='lat' dir='ltr'><strong>in</strong></span> <span class='ocrx_word' id='word_1_476' title='bbox 1125 2732 1230 2790; x_wconf 88' lang='lat' dir='ltr'><strong>procos</strong></span> <span class='ocrx_word' id='word_1_477' title='bbox 1249 2713 1403 2788; x_wconf 89' lang='lat' dir='ltr'><strong>incitetur,</strong></span> <span class='ocrx_word' id='word_1_478' title='bbox 1424 2712 1546 2789; x_wconf 89' lang='lat' dir='ltr'><strong>injurias</strong></span> <span class='ocrx_word' id='word_1_479' title='bbox 1560 2713 1628 2771; x_wconf 86' lang='lat' dir='ltr'><strong>istas</strong></span> 
     </span>
     <span class='ocr_line' id='line_1_79' title="bbox 865 2799 1628 2880; baseline 0.001 -22"><span class='ocrx_word' id='word_1_480' title='bbox 865 2799 1013 2877; x_wconf 89' lang='lat' dir='ltr'><strong>prohibet.</strong></span> <span class='ocrx_word' id='word_1_481' title='bbox 1026 2799 1138 2860; x_wconf 84' lang='lat' dir='ltr'><strong>Deinde</strong></span> <span class='ocrx_word' id='word_1_482' title='bbox 1160 2820 1228 2859; x_wconf 90' lang='lat' dir='ltr'><strong>arcu</strong></span> <span class='ocrx_word' id='word_1_483' title='bbox 1251 2801 1295 2860; x_wconf 86' lang='lat' dir='ltr'><strong>usi</strong></span> <span class='ocrx_word' id='word_1_484' title='bbox 1314 2800 1456 2871; x_wconf 90' lang='lat' dir='ltr'><strong>videntur,</strong></span> <span class='ocrx_word' id='word_1_485' title='bbox 1470 2813 1531 2859; x_wconf 89' lang='lat' dir='ltr'><strong>tum</strong></span> <span class='ocrx_word' id='word_1_486' title='bbox 1545 2803 1628 2880; x_wconf 89' lang='lat' dir='ltr'><strong>proci</strong></span> 
     </span>
     <span class='ocr_line' id='line_1_80' title="bbox 866 2888 1630 2967; baseline 0.001 -21"><span class='ocrx_word' id='word_1_487' title='bbox 866 2888 971 2962; x_wconf 90' lang='lat' dir='ltr'><strong>occisi,</strong></span> <span class='ocrx_word' id='word_1_488' title='bbox 985 2901 1133 2967; x_wconf 90' lang='lat' dir='ltr'><strong>postremo</strong></span> <span class='ocrx_word' id='word_1_489' title='bbox 1155 2889 1254 2948; x_wconf 86' lang='lat' dir='ltr'><strong>Ulixes</strong></span> <span class='ocrx_word' id='word_1_490' title='bbox 1268 2908 1286 2948; x_wconf 91' lang='lat' dir='ltr'><strong>a</strong></span> <span class='ocrx_word' id='word_1_491' title='bbox 1305 2889 1450 2966; x_wconf 86' lang='lat' dir='ltr'><strong>Penelopa</strong></span> <span class='ocrx_word' id='word_1_492' title='bbox 1464 2889 1630 2966; x_wconf 89' lang='lat' dir='ltr'><strong>recognitus</strong></span> 
     </span>
     <span class='ocr_line' id='line_1_81' title="bbox 866 2978 1631 3040; baseline -0.005 0"><span class='ocrx_word' id='word_1_493' title='bbox 866 2997 936 3040; x_wconf 81' lang='lat' dir='ltr'><strong>esse.</strong></span> <span class='ocrx_word' id='word_1_494' title='bbox 951 2980 1045 3038; x_wconf 87' lang='lat' dir='ltr'><strong>Multa</strong></span> <span class='ocrx_word' id='word_1_495' title='bbox 1064 2991 1161 3038; x_wconf 87' lang='lat' dir='ltr'><strong>tamen</strong></span> <span class='ocrx_word' id='word_1_496' title='bbox 1181 3000 1218 3038; x_wconf 83' lang='lat' dir='ltr'><strong>ex</strong></span> <span class='ocrx_word' id='word_1_497' title='bbox 1236 2980 1281 3038; x_wconf 89' lang='lat' dir='ltr'><strong>his</strong></span> <span class='ocrx_word' id='word_1_498' title='bbox 1296 2991 1413 3038; x_wconf 86' lang='lat' dir='ltr'><strong>narrata</strong></span> <span class='ocrx_word' id='word_1_499' title='bbox 1429 2999 1488 3038; x_wconf 93' lang='lat' dir='ltr'><strong>non</strong></span> <span class='ocrx_word' id='word_1_500' title='bbox 1502 2978 1532 3036; x_wconf 88' lang='lat' dir='ltr'><strong>in</strong></span> <span class='ocrx_word' id='word_1_501' title='bbox 1547 2998 1631 3037; x_wconf 90' lang='lat' dir='ltr'><strong>scena</strong></span> 
     </span>
     <span class='ocr_line' id='line_1_82' title="bbox 867 3066 1629 3130; baseline 0.001 -5"><span class='ocrx_word' id='word_1_502' title='bbox 867 3079 930 3125; x_wconf 90' lang='lat' dir='ltr'><strong>acta</strong></span> <span class='ocrx_word' id='word_1_503' title='bbox 943 3087 1003 3126; x_wconf 90' lang='lat' dir='ltr'><strong>esse</strong></span> <span class='ocrx_word' id='word_1_504' title='bbox 1015 3067 1153 3126; x_wconf 87' lang='lat' dir='ltr'><strong>credibile</strong></span> <span class='ocrx_word' id='word_1_505' title='bbox 1166 3068 1291 3130; x_wconf 88' lang='lat' dir='ltr'><strong>videtur.</strong></span> <span class='ocrx_word' id='word_1_506' title='bbox 1304 3068 1476 3128; x_wconf 76' lang='lat' dir='ltr'><strong>Praeclarum</strong></span> <span class='ocrx_word' id='word_1_507' title='bbox 1491 3066 1629 3128; x_wconf 85' lang='lat' dir='ltr'><strong>Wclclxe-</strong></span> 
     </span>
     <span class='ocr_line' id='line_1_83' title="bbox 867 3155 1630 3235; baseline 0.001 -22"><span class='ocrx_word' id='word_1_508' title='bbox 867 3176 916 3214; x_wconf 87' lang='lat' dir='ltr'><strong>rus</strong></span> <span class='ocrx_word' id='word_1_509' title='bbox 936 3169 1135 3234; x_wconf 90' lang='lat' dir='ltr'><strong>argumentum</strong></span> <span class='ocrx_word' id='word_1_510' title='bbox 1152 3157 1240 3216; x_wconf 88' lang='lat' dir='ltr'><strong>fuisse</strong></span> <span class='ocrx_word' id='word_1_511' title='bbox 1248 3156 1372 3235; x_wconf 91' lang='lat' dir='ltr'><strong>judicat,</strong></span> <span class='ocrx_word' id='word_1_512' title='bbox 1393 3155 1520 3234; x_wconf 88' lang='lat' dir='ltr'><strong>ideoque</strong></span> <span class='ocrx_word' id='word_1_513' title='bbox 1535 3156 1630 3214; x_wconf 89' lang='lat' dir='ltr'><strong>minus</strong></span> 
     </span>
     <span class='ocr_line' id='line_1_84' title="bbox 867 3243 1629 3324; baseline 0.001 -23"><span class='ocrx_word' id='word_1_514' title='bbox 867 3255 963 3302; x_wconf 89' lang='lat' dir='ltr'><strong>nutam</strong></span> <span class='ocrx_word' id='word_1_515' title='bbox 987 3243 1073 3304; x_wconf 89' lang='lat' dir='ltr'><strong>fuisse</strong></span> <span class='ocrx_word' id='word_1_516' title='bbox 1095 3245 1248 3324; x_wconf 86' lang='lat' dir='ltr'><strong>Sophoclis</strong></span> <span class='ocrx_word' id='word_1_517' title='bbox 1268 3244 1453 3322; x_wconf 89' lang='lat' dir='ltr'><strong>tragoediam,</strong></span> <span class='ocrx_word' id='word_1_518' title='bbox 1478 3246 1545 3321; x_wconf 90' lang='lat' dir='ltr'><strong>quia</strong></span> <span class='ocrx_word' id='word_1_519' title='bbox 1565 3264 1629 3303; x_wconf 90' lang='lat' dir='ltr'><strong>cum</strong></span> 
     </span>
     <span class='ocr_line' id='line_1_85' title="bbox 867 3330 1411 3411; baseline 0.002 -22"><span class='ocrx_word' id='word_1_520' title='bbox 867 3330 1023 3391; x_wconf 88' lang='lat' dir='ltr'><strong>immortali</strong></span> <span class='ocrx_word' id='word_1_521' title='bbox 1035 3338 1162 3393; x_wconf 90' lang='lat' dir='ltr'><strong>Homero</strong></span> <span class='ocrx_word' id='word_1_522' title='bbox 1176 3332 1411 3411; x_wconf 88' lang='lat' dir='ltr'><strong>comparabatur.</strong></span> 
     </span>
    </p>

    <p class='ocr_par' dir='ltr' id='par_1_17' title="bbox 868 3419 1632 4112">
     <span class='ocr_line' id='line_1_86' title="bbox 907 3419 1630 3497; baseline 0 -20"><span class='ocrx_word' id='word_1_523' title='bbox 907 3423 950 3477; x_wconf 89' lang='lat' dir='ltr'><strong>De</strong></span> <span class='ocrx_word' id='word_1_524' title='bbox 961 3419 1052 3477; x_wconf 91' lang='lat' dir='ltr'><strong>choro</strong></span> <span class='ocrx_word' id='word_1_525' title='bbox 1063 3420 1136 3478; x_wconf 90' lang='lat' dir='ltr'><strong>nihil</strong></span> <span class='ocrx_word' id='word_1_526' title='bbox 1148 3431 1271 3492; x_wconf 88' lang='lat' dir='ltr'><strong>cunstat,</strong></span> <span class='ocrx_word' id='word_1_527' title='bbox 1282 3439 1367 3497; x_wconf 91' lang='lat' dir='ltr'><strong>quem</strong></span> <span class='ocrx_word' id='word_1_528' title='bbox 1382 3431 1474 3476; x_wconf 91' lang='lat' dir='ltr'><strong>tamen</strong></span> <span class='ocrx_word' id='word_1_529' title='bbox 1487 3437 1541 3496; x_wconf 92' lang='lat' dir='ltr'><strong>pro</strong></span> <span class='ocrx_word' id='word_1_530' title='bbox 1552 3430 1630 3478; x_wconf 92' lang='lat' dir='ltr'><strong>certo</strong></span> 
     </span>
     <span class='ocr_line' id='line_1_87' title="bbox 868 3505 1630 3586; baseline 0.001 -23"><span class='ocrx_word' id='word_1_531' title='bbox 868 3505 969 3564; x_wconf 89' lang='lat' dir='ltr'><strong>baberi</strong></span> <span class='ocrx_word' id='word_1_532' title='bbox 980 3520 1074 3584; x_wconf 91' lang='lat' dir='ltr'><strong>potest</strong></span> <span class='ocrx_word' id='word_1_533' title='bbox 1090 3528 1126 3566; x_wconf 90' lang='lat' dir='ltr'><strong>ex</strong></span> <span class='ocrx_word' id='word_1_534' title='bbox 1140 3509 1236 3586; x_wconf 87' lang='lat' dir='ltr'><strong>procis</strong></span> <span class='ocrx_word' id='word_1_535' title='bbox 1251 3527 1309 3566; x_wconf 91' lang='lat' dir='ltr'><strong>non</strong></span> <span class='ocrx_word' id='word_1_536' title='bbox 1326 3508 1414 3566; x_wconf 88' lang='lat' dir='ltr'><strong>fuisse</strong></span> <span class='ocrx_word' id='word_1_537' title='bbox 1427 3508 1630 3585; x_wconf 90' lang='lat' dir='ltr'><strong>compositum.</strong></span> 
     </span>
     <span class='ocr_line' id='line_1_88' title="bbox 870 3593 1632 3672; baseline 0.001 -21"><span class='ocrx_word' id='word_1_538' title='bbox 870 3595 908 3652; x_wconf 90' lang='lat' dir='ltr'><strong>Hi</strong></span> <span class='ocrx_word' id='word_1_539' title='bbox 923 3593 1269 3672; x_wconf 78' lang='lat' dir='ltr'><strong>caesijnresun13chorus</strong></span> <span class='ocrx_word' id='word_1_540' title='bbox 1283 3608 1377 3653; x_wconf 92' lang='lat' dir='ltr'><strong>autem</strong></span> <span class='ocrx_word' id='word_1_541' title='bbox 1388 3593 1473 3672; x_wconf 81' lang='lat' dir='ltr'><strong>justae</strong></span> <span class='ocrx_word' id='word_1_542' title='bbox 1483 3615 1585 3666; x_wconf 88' lang='lat' dir='ltr'><strong>causae,</strong></span> <span class='ocrx_word' id='word_1_543' title='bbox 1601 3607 1632 3652; x_wconf 91' lang='lat' dir='ltr'><strong>ut</strong></span> 
     </span>
     <span class='ocr_line' id='line_1_89' title="bbox 869 3681 1632 3761; baseline 0.003 -22"><span class='ocrx_word' id='word_1_544' title='bbox 869 3683 955 3755; x_wconf 87' lang='lat' dir='ltr'><strong>solet,</strong></span> <span class='ocrx_word' id='word_1_545' title='bbox 968 3683 987 3740; x_wconf 91' lang='lat' dir='ltr'><strong>i.</strong></span> <span class='ocrx_word' id='word_1_546' title='bbox 1011 3703 1035 3742; x_wconf 88' lang='lat' dir='ltr'><strong>e.</strong></span> <span class='ocrx_word' id='word_1_547' title='bbox 1051 3683 1132 3742; x_wconf 91' lang='lat' dir='ltr'><strong>Ulixi</strong></span> <span class='ocrx_word' id='word_1_548' title='bbox 1153 3684 1249 3742; x_wconf 77' lang='lat' dir='ltr'><strong>lavem</strong></span> <span class='ocrx_word' id='word_1_549' title='bbox 1270 3681 1403 3742; x_wconf 86' lang='lat' dir='ltr'><strong>debebat.</strong></span> <span class='ocrx_word' id='word_1_550' title='bbox 1427 3688 1529 3761; x_wconf 90' lang='lat' dir='ltr'><strong>Itaque</strong></span> <span class='ocrx_word' id='word_1_551' title='bbox 1548 3682 1632 3741; x_wconf 90' lang='lat' dir='ltr'><strong>valde</strong></span> 
     </span>
     <span class='ocr_line' id='line_1_90' title="bbox 870 3769 1632 3848; baseline 0.004 -22"><span class='ocrx_word' id='word_1_552' title='bbox 870 3769 994 3827; x_wconf 85' lang='lat' dir='ltr'><strong>difficilis</strong></span> <span class='ocrx_word' id='word_1_553' title='bbox 1015 3781 1057 3827; x_wconf 85' lang='lat' dir='ltr'><strong>est</strong></span> <span class='ocrx_word' id='word_1_554' title='bbox 1080 3788 1201 3848; x_wconf 86' lang='lat' dir='ltr'><strong>quaeque</strong></span> <span class='ocrx_word' id='word_1_555' title='bbox 1218 3769 1402 3846; x_wconf 90' lang='lat' dir='ltr'><strong>conjectura,</strong></span> <span class='ocrx_word' id='word_1_556' title='bbox 1425 3770 1484 3828; x_wconf 90' lang='lat' dir='ltr'><strong>sive</strong></span> <span class='ocrx_word' id='word_1_557' title='bbox 1503 3781 1632 3848; x_wconf 87' lang='lat' dir='ltr'><strong>pastores</strong></span> 
     </span>
     <span class='ocr_line' id='line_1_91' title="bbox 869 3857 1631 3934; baseline 0.001 -19"><span class='ocrx_word' id='word_1_558' title='bbox 869 3858 930 3915; x_wconf 89' lang='lat' dir='ltr'><strong>sive</strong></span> <span class='ocrx_word' id='word_1_559' title='bbox 954 3857 1104 3934; x_wconf 80' lang='lat' dir='ltr'><strong>Penelopae</strong></span> <span class='ocrx_word' id='word_1_560' title='bbox 1123 3858 1241 3916; x_wconf 85' lang='lat' dir='ltr'><strong>ancillas</strong></span> <span class='ocrx_word' id='word_1_561' title='bbox 1260 3857 1440 3916; x_wconf 87' lang='lat' dir='ltr'><strong>introductas</strong></span> <span class='ocrx_word' id='word_1_562' title='bbox 1466 3857 1631 3917; x_wconf 88' lang='lat' dir='ltr'><strong>credideris.</strong></span> 
     </span>
     <span class='ocr_line' id='line_1_92' title="bbox 871 3945 1632 4026; baseline 0 -21"><span class='ocrx_word' id='word_1_563' title='bbox 871 3951 914 4006; x_wconf 83' lang='lat' dir='ltr'><strong>Ex</strong></span> <span class='ocrx_word' id='word_1_564' title='bbox 925 3945 1043 4024; x_wconf 87' lang='lat' dir='ltr'><strong>reliquis</strong></span> <span class='ocrx_word' id='word_1_565' title='bbox 1053 3947 1183 4024; x_wconf 89' lang='lat' dir='ltr'><strong>personis</strong></span> <span class='ocrx_word' id='word_1_566' title='bbox 1195 3947 1351 4026; x_wconf 76' lang='lat' dir='ltr'><strong>Penelopa,</strong></span> <span class='ocrx_word' id='word_1_567' title='bbox 1361 3946 1561 4021; x_wconf 88' lang='lat' dir='ltr'><strong>Telemachus,</strong></span> <span class='ocrx_word' id='word_1_568' title='bbox 1574 3951 1632 4006; x_wconf 87' lang='lat' dir='ltr'><strong>Eu·</strong></span> 
     </span>
     <span class='ocr_line' id='line_1_93' title="bbox 871 4034 1598 4112; baseline 0.003 -20"><span class='ocrx_word' id='word_1_569' title='bbox 871 4053 957 4092; x_wconf 89' lang='lat' dir='ltr'><strong>maeus</strong></span> <span class='ocrx_word' id='word_1_570' title='bbox 970 4046 999 4095; x_wconf 90' lang='lat' dir='ltr'><strong>et</strong></span> <span class='ocrx_word' id='word_1_571' title='bbox 1010 4034 1174 4108; x_wconf 87' lang='lat' dir='ltr'><strong>Philoetins,</strong></span> <span class='ocrx_word' id='word_1_572' title='bbox 1188 4036 1329 4112; x_wconf 85' lang='lat' dir='ltr'><strong>Euryclea</strong></span> <span class='ocrx_word' id='word_1_573' title='bbox 1343 4036 1411 4095; x_wconf 87' lang='lat' dir='ltr'><strong>satis</strong></span> <span class='ocrx_word' id='word_1_574' title='bbox 1423 4048 1508 4095; x_wconf 86' lang='lat' dir='ltr'><strong>certae</strong></span> <span class='ocrx_word' id='word_1_575' title='bbox 1524 4048 1598 4094; x_wconf 89' lang='lat' dir='ltr'><strong>suot.</strong></span> 
     </span>
    </p>

    <p class='ocr_par' dir='ltr' id='par_1_18' title="bbox 870 4125 1633 4379">
     <span class='ocr_line' id='line_1_94' title="bbox 910 4125 1633 4203; baseline 0 -21"><span class='ocrx_word' id='word_1_576' title='bbox 910 4127 1146 4201; x_wconf 71' lang='lat' dir='ltr'><strong>fragmentorum</strong></span> <span class='ocrx_word' id='word_1_577' title='bbox 1172 4125 1301 4183; x_wconf 92' lang='lat' dir='ltr'><strong>omnium</strong></span> <span class='ocrx_word' id='word_1_578' title='bbox 1330 4125 1594 4203; x_wconf 84' lang='lat' dir='ltr'><strong>splendidissimum</strong></span> <span class='ocrx_word' id='word_1_579' title='bbox 1617 4145 1633 4182; x_wconf 91' lang='lat' dir='ltr'><strong>a</strong></span> 
     </span>
     <span class='ocr_line' id='line_1_95' title="bbox 870 4210 1632 4294; baseline 0 -24"><span class='ocrx_word' id='word_1_580' title='bbox 870 4210 987 4270; x_wconf 84' lang='lat' dir='ltr'><strong>Stobaeo</strong></span> <span class='ocrx_word' id='word_1_581' title='bbox 1005 4213 1124 4290; x_wconf 86' lang='lat' dir='ltr'><strong>(XXVI,</strong></span> <span class='ocrx_word' id='word_1_582' title='bbox 1140 4232 1164 4285; x_wconf 88' lang='lat' dir='ltr'><strong>r,</strong></span> <span class='ocrx_word' id='word_1_583' title='bbox 1179 4214 1247 4294; x_wconf 85' lang='grc' dir='ltr'>Σσφ.</span> <span class='ocrx_word' id='word_1_584' title='bbox 1263 4213 1295 4270; x_wconf 80' lang='grc' dir='ltr'><strong>ἐκ</strong></span> <span class='ocrx_word' id='word_1_585' title='bbox 1306 4211 1479 4289; x_wconf 83' lang='grc' dir='ltr'>Συνδιίπνσυ)</span> <span class='ocrx_word' id='word_1_586' title='bbox 1490 4225 1632 4272; x_wconf 88' lang='lat' dir='ltr'><strong>servatum</strong></span> 
     </span>
     <span class='ocr_line' id='line_1_96' title="bbox 872 4300 1360 4379; baseline 0.006 -21"><span class='ocrx_word' id='word_1_587' title='bbox 872 4313 914 4359; x_wconf 91' lang='lat' dir='ltr'><strong>est</strong></span> <span class='ocrx_word' id='word_1_588' title='bbox 931 4300 1018 4379; x_wconf 89' lang='lat' dir='ltr'><strong>idque</strong></span> <span class='ocrx_word' id='word_1_589' title='bbox 1030 4301 1121 4360; x_wconf 90' lang='lat' dir='ltr'><strong>choro</strong></span> <span class='ocrx_word' id='word_1_590' title='bbox 1134 4301 1339 4361; x_wconf 90' lang='lat' dir='ltr'><strong>vindicandum</strong></span> <span class='ocrx_word' id='word_1_591' title='bbox 1352 4325 1360 4361; x_wconf 75' lang='grc' dir='ltr'><strong><em>ε</em></strong></span> 
     </span>
    </p>
   </div>
   <div class='ocr_carea' id='block_1_14' title="bbox 871 4429 1633 5119">
    <p class='ocr_par' dir='ltr' id='par_1_19' title="bbox 871 4429 1633 5119">
     <span class='ocr_line' id='line_1_97' title="bbox 871 4429 1602 4531; baseline 0.003 -32"><span class='ocrx_word' id='word_1_592' title='bbox 871 4438 952 4518; x_wconf 78' lang='lat'>[258]</span> <span class='ocrx_word' id='word_1_593' title='bbox 970 4434 1060 4502; x_wconf 83' lang='grc' dir='ltr'>Λσίδοι</span> <span class='ocrx_word' id='word_1_594' title='bbox 1076 4429 1221 4531; x_wconf 85' lang='grc' dir='ltr'>Πιερίδων</span> <span class='ocrx_word' id='word_1_595' title='bbox 1239 4434 1368 4531; x_wconf 79' lang='grc' dir='ltr'>στυγερὰ</span> <span class='ocrx_word' id='word_1_596' title='bbox 1379 4435 1430 4505; x_wconf 83' lang='grc' dir='ltr'><strong>καὶ</strong></span> <span class='ocrx_word' id='word_1_597' title='bbox 1447 4435 1602 4528; x_wconf 77' lang='grc' dir='ltr'>ἄνοίριτυς,</span> 
     </span>
     <span class='ocr_line' id='line_1_98' title="bbox 973 4541 1574 4643; baseline 0 -27"><span class='ocrx_word' id='word_1_598' title='bbox 973 4552 994 4616; x_wconf 86' lang='grc' dir='ltr'><strong><em>ἁ</em></strong></span> <span class='ocrx_word' id='word_1_599' title='bbox 1011 4541 1045 4618; x_wconf 71' lang='grc' dir='ltr'><strong>δὲ</strong></span> <span class='ocrx_word' id='word_1_600' title='bbox 1061 4557 1189 4643; x_wconf 83' lang='grc' dir='ltr'>μνᾶστις</span> <span class='ocrx_word' id='word_1_601' title='bbox 1206 4552 1326 4631; x_wconf 83' lang='grc' dir='ltr'>θνατοῖς</span> <span class='ocrx_word' id='word_1_602' title='bbox 1340 4550 1574 4641; x_wconf 84' lang='grc' dir='ltr'>ιύποτμύτατσς</span> 
     </span>
     <span class='ocr_line' id='line_1_99' title="bbox 953 4664 1603 4766; baseline -0.006 -36"><span class='ocrx_word' id='word_1_603' title='bbox 953 4717 957 4730; x_wconf 90' lang='grc'>.</span> <span class='ocrx_word' id='word_1_604' title='bbox 975 4665 1100 4766; x_wconf 73' lang='grc' dir='ltr'>μιλύων,</span> <span class='ocrx_word' id='word_1_605' title='bbox 1118 4667 1264 4758; x_wconf 79' lang='grc' dir='ltr'>ἀνέχουσα</span> <span class='ocrx_word' id='word_1_606' title='bbox 1276 4665 1342 4751; x_wconf 87' lang='grc' dir='ltr'>βίσυ</span> <span class='ocrx_word' id='word_1_607' title='bbox 1361 4665 1474 4756; x_wconf 83' lang='grc' dir='ltr'>βραχύν</span> <span class='ocrx_word' id='word_1_608' title='bbox 1488 4664 1603 4754; x_wconf 81' lang='grc' dir='ltr'>ἰσθμόν.</span> 
     </span>
     <span class='ocr_line' id='line_1_100' title="bbox 874 4797 1633 4880; baseline -0.007 -20"><span class='ocrx_word' id='word_1_609' title='bbox 874 4801 977 4880; x_wconf 86' lang='lat' dir='ltr'><strong>(Versu</strong></span> <span class='ocrx_word' id='word_1_610' title='bbox 988 4803 1080 4861; x_wconf 89' lang='lat' dir='ltr'><strong>altero</strong></span> <span class='ocrx_word' id='word_1_611' title='bbox 1094 4801 1179 4862; x_wconf 90' lang='lat' dir='ltr'><strong>codd.</strong></span> <span class='ocrx_word' id='word_1_612' title='bbox 1191 4801 1331 4866; x_wconf 83' lang='grc' dir='ltr'>ὠδυνάσιις</span> <span class='ocrx_word' id='word_1_613' title='bbox 1344 4797 1482 4876; x_wconf 77' lang='grc' dir='ltr'>θανάτοις.)</span> <span class='ocrx_word' id='word_1_614' title='bbox 1498 4800 1633 4858; x_wconf 86' lang='lat' dir='ltr'><strong>Welcke-</strong></span> 
     </span>
     <span class='ocr_line' id='line_1_101' title="bbox 1223 4972 1286 5023; baseline -0.032 -1"><span class='ocrx_word' id='word_1_615' title='bbox 1223 4972 1286 5023; x_wconf 74' lang='lat'><strong>258.</strong></span> 
     </span>
     <span class='ocr_line' id='line_1_102' title="bbox 926 5044 1464 5119; baseline 0.004 -17"><span class='ocrx_word' id='word_1_616' title='bbox 926 5044 1035 5102; x_wconf 88' lang='lat' dir='ltr'><strong>Oblivio</strong></span> <span class='ocrx_word' id='word_1_617' title='bbox 1047 5046 1189 5101; x_wconf 81' lang='lat' dir='ltr'><strong>Musarum</strong></span> <span class='ocrx_word' id='word_1_618' title='bbox 1201 5045 1289 5102; x_wconf 79' lang='lat' dir='ltr'><strong>Invisa</strong></span> <span class='ocrx_word' id='word_1_619' title='bbox 1300 5053 1329 5102; x_wconf 89' lang='lat' dir='ltr'><strong>et</strong></span> <span class='ocrx_word' id='word_1_620' title='bbox 1340 5046 1464 5119; x_wconf 88' lang='lat' dir='ltr'><strong>ingrata,</strong></span> 
     </span>
    </p>
   </div>
   <div class='ocr_carea' id='block_1_15' title="bbox 926 5123 1597 5273">
    <p class='ocr_par' dir='ltr' id='par_1_20' title="bbox 926 5123 1597 5273">
     <span class='ocr_line' id='line_1_103' title="bbox 928 5123 1482 5183; baseline 0.005 -4"><span class='ocrx_word' id='word_1_621' title='bbox 928 5123 1057 5180; x_wconf 87' lang='lat' dir='ltr'><strong>memoria</strong></span> <span class='ocrx_word' id='word_1_622' title='bbox 1071 5138 1135 5179; x_wconf 89' lang='lat' dir='ltr'><strong>vero</strong></span> <span class='ocrx_word' id='word_1_623' title='bbox 1148 5123 1312 5181; x_wconf 90' lang='lat' dir='ltr'><strong>mortalibus</strong></span> <span class='ocrx_word' id='word_1_624' title='bbox 1328 5124 1482 5183; x_wconf 85' lang='lat' dir='ltr'><strong>beatissima</strong></span> 
     </span>
     <span class='ocr_line' id='line_1_104' title="bbox 926 5202 1597 5273; baseline 0.001 -14"><span class='ocrx_word' id='word_1_625' title='bbox 926 5202 1089 5273; x_wconf 78' lang='lat' dir='ltr'><strong>carminum,</strong></span> <span class='ocrx_word' id='word_1_626' title='bbox 1102 5210 1258 5260; x_wconf 85' lang='lat' dir='ltr'><strong>sustentans</strong></span> <span class='ocrx_word' id='word_1_627' title='bbox 1270 5205 1352 5261; x_wconf 87' lang='lat' dir='ltr'><strong>breve</strong></span> <span class='ocrx_word' id='word_1_628' title='bbox 1363 5205 1424 5263; x_wconf 86' lang='lat' dir='ltr'><strong>ritae</strong></span> <span class='ocrx_word' id='word_1_629' title='bbox 1437 5205 1597 5263; x_wconf 77' lang='lat' dir='ltr'><strong>candalum.</strong></span> 
     </span>
    </p>
   </div>
   <div class='ocr_carea' id='block_1_16' title="bbox 0 0 1855 5798">
    <p class='ocr_par' dir='ltr' id='par_1_21' title="bbox 0 0 1855 5798">
     <span class='ocr_line' id='line_1_105' title="bbox 0 0 1855 5798; baseline 0 0"><span class='ocrx_word' id='word_1_630' title='bbox 0 0 1855 5798; x_wconf 95' lang='lat' dir='ltr'><strong> </strong></span> 
     </span>
    </p>
   </div>
  </div>
 </body>
</html>
