3714 5790
246 408 302 462 tar
787 395 965 458 maclam
986 395 1232 460 FRAGMENTA.

240 535 347 614 ubique
359 531 519 613 argumenti
531 531 652 590 affinitas
664 530 866 591 intercesserit.
881 529 938 588 Alii
952 530 1004 587 ali·
1050 529 1239 608 fragmentum
1252 541 1395 589 servatum
1409 542 1452 590 est
1463 531 1565 591 solum.
1582 536 1685 610 ltaque
1704 551 1808 612 promus

240 637 284 681 ter
296 622 474 702 judicarunt.
489 625 539 680 Est
553 639 624 679 vero
643 639 689 680 res
709 619 738 677 in
752 617 916 696 judicandis
930 617 1005 676 anti-
1048 617 1207 694 ignoratur,
1218 619 1288 697 quid
1297 620 1457 700 argrrnrenti
1467 619 1563 680 fabula
1574 621 1808 694 continuemus

137 715 140 722 '
238 731 359 790 qararurn
374 710 575 788 tragoediarum
590 709 765 788 argumentis
780 707 953 786 gravissima.
1049 725 1106 784 que
1120 719 1214 785 potest
1226 708 1256 767 id
1268 710 1325 768 ullo
1335 709 1421 768 modo
1434 710 1489 768 nisi
1503 709 1673 790 conjectura
1683 708 1807 787 indagari.
1839 747 1840 752 κ

277 801 321 861 Ac
338 800 503 860 Welclrerus
520 798 637 878 quidem
655 817 780 876 pugnam
791 797 1004 866 Himerensem,
1049 795 1172 856 Phineos
1183 797 1271 876 igitur
1285 819 1373 876 quum
1389 811 1469 858 vates
1485 799 1701 878 perhiberetur,
1716 819 1808 871 caecus,

238 909 295 967 qna
322 890 395 947 Gelo
427 892 671 966 Syracusanorum
700 907 751 944 rex
784 884 1005 962 Karthaginien·
1048 885 1085 943 ab
1097 889 1232 967 Harpyiis
1245 889 1317 946 male
1336 889 1477 970 affectus,
1491 910 1556 968 quac
1569 889 1670 948 cibum
1691 901 1809 989 ereptum

237 998 281 1037 ses
294 977 453 1056 superarit
467 990 582 1055 apoeta
597 975 736 1034 celebrari
757 974 846 1046 dixit;
859 979 1003 1033 Herman—
1047 975 1089 1033 tlh
1099 977 1338 1056 antequamados
1348 977 1502 1037 admovere
1512 991 1609 1057 posset
1620 979 1706 1038 foedrs
1717 991 1809 1036 rentns

237 1088 291 1126 uos
303 1068 389 1128 valde
400 1087 461 1126 sese
473 1065 645 1125 addubitare
656 1065 729 1124 hanc
741 1063 882 1126 Welclrerr
893 1075 1005 1121 senten
1048 1067 1237 1124 excrementis
1253 1065 1457 1145 inquinabant,
1472 1067 1610 1147 aquibus
1627 1066 1766 1126 liberatus
1777 1080 1809 1123 est
1839 1067 1840 1088 ³

237 1157 303 1215 tiam
316 1157 471 1216 allirnravit
479 1156 627 1234 multoque
637 1174 699 1213 esse
711 1152 877 1212 credibilius
887 1171 1004 1230 prorsus
1049 1173 1105 1232 ope
1119 1155 1242 1213 liliorum
1253 1161 1360 1228 Boreae,
1370 1155 1407 1214 ad
1419 1177 1485 1214 etnn
1495 1157 1668 1216 Wclckerus
1679 1168 1759 1233 putat
1767 1161 1809 1212 Ar-

236 1245 312 1303 aliud
328 1257 530 1323 argumentum
546 1263 606 1302 csse
622 1263 640 1300 a
654 1255 738 1321 poeta
760 1241 931 1322 expositum.
946 1245 1004 1299 aa·
1049 1257 1189 1319 gonautos
1203 1245 1459 1323 vertisse,ut1ps1s
1473 1245 1597 1304 Colchos
1612 1245 1809 1324 proficiscenti—

237 1334 355 1392 tendnm
380 1346 423 1393 est
447 1333 596 1413 profecto,
623 1331 804 1410 fragmentis,
829 1349 893 1410 quae
918 1328 1005 1388 hodie
1048 1328 1119 1406 bus,
1135 1353 1194 1411 quo
1208 1333 1246 1391 ob
1258 1344 1375 1412 accepta
1391 1332 1531 1392 beneficia
1545 1337 1671 1410 gratiam
1688 1333 1840 1401 referret,

236 1436 407 1525 supersunt,
418 1443 477 1482 non
488 1423 650 1482 confirmari
665 1421 808 1482 Welclreri
824 1421 1004 1493 sententiam,
1049 1421 1137 1479 totius
1150 1421 1261 1480 itineris
1269 1441 1386 1480 cursum
1401 1421 1533 1498 viamque
1543 1432 1720 1500 exponeret,
1733 1422 1810 1476 victo-

235 1523 264 1570 et
281 1533 303 1570 sr
298 1513 444 1571 Glaucus
465 1533 481 1571 a
502 1512 675 1591 quibusdam
690 1525 769 1570 vates
791 1510 961 1591 perhibetur
977 1521 1005 1567 et
1048 1511 1179 1588 riamque
1194 1531 1254 1589 quo
1267 1511 1355 1569 modo
1378 1511 1493 1569 Colchis
1511 1511 1700 1570 consecuturi
1715 1521 1840 1578 essent,

234 1601 358 1660 Phineus
368 1601 453 1660 etiarn
468 1614 547 1660 vates
558 1601 673 1706 dicitur,
688 1603 790 1680 primae
801 1599 945 1680 tragoediae
957 1620 1005 1658 va·
1049 1601 1214 1701 explicaret
1238 1604 1339 1679 Itaque
1359 1599 1395 1657 ab
1416 1599 1553 1676 AEschylo
1568 1599 1737 1658 Phineum
1730 1611 1840 1656 rutro

235 1690 432 1750 trcrnatrouem
446 1709 612 1767 convenire,
635 1710 693 1750 nou
714 1702 875 1769 postremae.
896 1689 953 1750 Sed
967 1689 1004 1748 de
1049 1687 1166 1747 ductum
1180 1689 1235 1762 art
1248 1702 1279 1746 ut
1291 1711 1322 1748 ιιι
1332 1709 1393 1766 eyns
1407 1709 1530 1768 persona
1541 1709 1634 1768 pruna
1647 1687 1685 1746 de
1696 1667 1840 1758 bachans

235 1778 280 1836 lus
289 1778 375 1839 rebus
383 1780 611 1858 paulloamplrus
620 1792 720 1858 postea
728 1776 1003 1857 cntdtsputandum
1049 1790 1197 1856 reportata
1209 1778 1331 1836 victoria
1350 1777 1553 1836 celebraretur.
1569 1779 1718 1850 Quocirca
1736 1791 1764 1834 ιιι
1772 1775 1840 1856 jo·
1839 1723 1840 1814 l

275 1871 379 1927 Totam
394 1869 572 1947 tetralogiam
585 1872 689 1927 Persas
702 1880 833 1925 vocatam
851 1865 1005 1924 csse-valde
1049 1878 1124 1923 stum
1156 1867 1296 1945 tragoediae
1328 1865 1468 1925 ambitum
1502 1867 1631 1945 expleret
1654 1865 1811 1942 AEschylus,

235 1955 376 2016 credibile
388 1970 442 2016 est.
453 1963 490 2018 Et
502 1954 835 2016 commemoranturduo
846 1956 1006 2032 fragmenta
1049 1953 1139 2011 multa
1158 1953 1194 2012 de
1208 1959 1359 2013 Persarum
1380 1953 1466 2013 rebus
1487 1955 1617 2013 immixta
1636 1975 1703 2014 esse
1716 1955 1779 2012 dicit
1791 1966 1812 2010 et

234 2063 271 2104 ex
286 2046 416 2125 AEschyli
429 2047 539 2114 Persis,
559 2047 682 2106 alterum
696 2043 734 2104 ab
755 2044 891 2104 Athenaeo
906 2045 958 2118 Ill,
974 2065 1003 2122 p.
1048 2042 1180 2120 exposita
1194 2043 1281 2101 etiam
1301 2047 1434 2118 oracula,
1457 2063 1521 2122 quae
1537 2043 1619 2102 Darii
1635 2044 1810 2102 simulacrum

235 2133 284 2205 86,
300 2139 337 2207 B,
354 2133 393 2201 ele
414 2133 505 2216 ἀνῄριι
524 2132 570 2201 τὰς
592 2133 685 2210 νῄοους
699 2132 902 2216 οινοιριτρόρουι,
926 2133 1005 2211 quod
1048 2131 1078 2188 in
1089 2131 1181 2188 Persis
1191 2132 1232 2208 (v.
1247 2129 1315 2209 739)
1327 2144 1540 2190 commemoret.
1550 2131 1665 2190 Deinde
1677 2131 1812 2211 negligen-

235 2236 389 2303 postquam
410 2226 490 2284 varie
513 2237 676 2284 correctum
700 2237 743 2283 est
764 2243 781 2283 a
803 2225 874 2282 viris
895 2222 1004 2299 doctis,
1049 2219 1118 2279 dum
1143 2241 1201 2279 non
1216 2239 1277 2281 esse
1292 2223 1348 2296 ait,
1362 2223 1518 2295 Phineum,
1534 2223 1668 2301 quamvis
1684 2222 1772 2281 multa
1784 2219 1812 2276 dr

234 2315 401 2372 Hermanno
413 2313 453 2372 ita
470 2311 508 2371 ab
522 2313 658 2390 AEschylo
679 2313 818 2392 scriptum
832 2310 1004 2370 videbature
1048 2307 1111 2387 ejus
1125 2322 1191 2368 ortu
1205 2310 1424 2390 perhibeantur,
1438 2331 1475 2370 ex
1498 2312 1564 2372 Asia
1585 2331 1705 2390 semper
1721 2311 1812 2368 odun-

235 2399 299 2479 [82]
313 2400 443 2481 Αἰσχύλος
457 2397 485 2460 δὲ
498 2403 524 2460 ἐν
538 2399 655 2484 Πέρσαις
667 2399 712 2468 τὰς
724 2399 1005 2481 νήσουςνινηριτοτρό-
1049 2397 1117 2457 dum
1131 2398 1295 2477 perhiberi
1311 2405 1424 2459 Persam
1433 2402 1606 2478 mythicum
1619 2401 1672 2480 qui
1686 2413 1811 2477 tanquan

234 2509 296 2570 ρους
307 2515 320 2542 ο
343 2489 459 2570 εἴρηκεν,
475 2491 627 2548 alterum
619 2511 649 2549 ιιι
665 2491 785 2548 Belrlreri
801 2489 959 2549 Anecdotrs
973 2509 1003 2567 p
1049 2489 1121 2546 alter
1133 2489 1276 2549 lielenus
1268 2510 1364 2592 ipsum
1375 2493 1419 2550 sui
1436 2491 1558 2570 populi
1549 2491 1702 2550 mter-itum
1717 2489 1810 2547 ratici-

237 2579 311 2651 1073
332 2580 519 2658 reperiturin
536 2581 612 2638 hunc
628 2579 745 2638 modum
762 2581 925 2659 scriptum:
941 2579 1004 2658 [88]
1049 2589 1141 2635 neutr-
1155 2579 1245 2638 Filius
1251 2580 1383 2658 ,inquit,
1405 2593 1447 2638 est
1461 2581 1604 2658 Agenoris
1623 2581 1671 2638 vel
1683 2577 1812 2638 Phoenicis

234 2664 367 2748 Φρινιχος
381 2669 455 2726 la
421 2692 455 2749 τῃ
470 2673 609 2751 οοριστιιιῇ
621 2691 776 2750 παραοκιιιρ
758 2667 960 2749 παρατίθεται
975 2666 1005 2726 τὸ
1048 2665 1217 2742 Agenoridae
1225 2679 1255 2725 et
1265 2668 1430 2746 Cassiopes‚
1441 2667 1554 2727 Belides
1565 2667 1643 2746 apud
1654 2639 1840 2744 Euripiden

233 2753 401 2824 «πόξυλοςν
411 2755 499 2838 ῥήτωρ
510 2755 555 2815 καὶ
566 2756 689 2829 ποιητής
699 2755 801 2838 εἴρηται
815 2753 857 2830 δὲ,
868 2755 943 2838 paci,
954 2779 1004 2834 με·
1048 2765 1078 2813 et
1089 2755 1250 2833 Hyginum,
1260 2756 1350 2815 frater
1360 2756 1467 2835 Cephei
1481 2756 1640 2835 (Cephenes
1652 2755 1734 2835 apud
1746 2759 1812 2811 Grae

233 2847 380 2924 ιαρορικῶς
402 2843 508 2902 tat*
472 2867 524 2904 τιον
544 2847 575 2903 ἐκ
593 2842 796 2915 ξύλουσκενων,
821 2835 858 2909 οἷς
878 2845 1004 2914 ἐπιπολῆς
1048 2863 1098 2902 cos
1114 2849 1206 2903 Persae
1229 2843 1298 2904 dicti
1320 2846 1413 2924 sunt),
1440 2844 1523 2922 cujus
1550 2845 1607 2903 filia
1628 2841 1809 2903 Andromeda

234 2928 940 3013 ἔπεληλαταιἄργυρος.1(ιῖταιδὶιιιὶσῦνλαμπρῶν
955 2929 1004 3010 μὲν
1050 2944 1140 2990 ntater
1153 2933 1249 2994 Persei
1266 2933 1334 3007 tuit,
1357 2955 1392 2993 ex
1409 2954 1468 3012 quo
1483 2935 1646 2993 Persaeorti
1662 2946 1740 2992 strat.
1755 2937 1812 2990 flac

234 3015 327 3085 ἱξωθιν
340 3017 386 3077 καὶ
398 3020 531 3095 enutrire,
544 3023 666 3103 πονηρῶν
688 3017 766 3079 atet
777 3018 858 3080 ἔνδον.
874 3020 1005 3101 Αἰσχύλος
1048 3021 1260 3101 Welclrerus‚
1250 3042 1281 3081 ιιι
1297 2978 1404 3101 qdibus
1418 3024 1539 3083 multum
1559 3021 1641 3082 dubii
1654 3032 1780 3082 remanet
1789 3030 1812 3076 et
1839 3031 1840 3104 y

235 3103 394 3188 fallfpcute
408 3104 542 3186 μέμνηται
551 3130 576 3168 κ.
586 3131 611 3167 τ.
627 3131 654 3167 α.
666 3113 733 3168 llaec
744 3111 903 3188 fragmenta
916 3110 1004 3170 hodie
1049 3111 1196 3188 quomodo
1209 3111 1347 3171 idoneum
1362 3112 1508 3190 tragoediae
1521 3125 1725 3190 argumentum
1737 3107 1811 3167 fuerit
1839 3127 1840 3190 y

234 3212 294 3252 ιιοιι
301 3196 487 3274 reperiuntur
494 3197 523 3254 in
533 3197 582 3256 illa
592 3199 732 3276 tragoedia
739 3219 835 3277 neque
844 3199 1004 3258 ulluslocus
1048 3210 1078 3256 et
1089 3199 1169 3277 quod
1185 3200 1301 3260 oracula
1315 3201 1380 3273 illa,
1394 3221 1458 3278 quae
1470 3200 1558 3278 dicit,
1572 3201 1681 3260 Graecis
1690 3212 1754 3258 suut
1766 3215 1810 3256 er·
1839 3201 1840 3278 l

234 3295 341 3358 exstat,
352 3284 389 3343 ad
401 3305 488 3363 quem
498 3305 564 3345 cum
575 3286 671 3365 aliqua
680 3289 743 3347 veri
754 3287 942 3348 similitudine
956 3309 1003 3347 re·
1049 3287 1228 3361 hibita,non
1240 3290 1351 3362 Persis,
1365 3308 1423 3347 non
1439 3290 1538 3348 Dario.
1558 3290 1705 3362 Quocirca
1720 3305 1809 3364 repro·
1839 3291 1840 3326 l

235 3373 372 3433 ferantur.
382 3379 565 3436 Hermannos
573 3376 689 3454 quidem
697 3379 818 3437 alterurn
827 3378 1005 3437 voluitinse-
1049 3375 1144 3434 banda
1169 3397 1229 3436 esse
1246 3378 1389 3436 Welclreri
1408 3378 1548 3437 sententia
1561 3377 1699 3452 videtur,
1713 3377 1810 3452 aliaque
1839 3367 1840 3434 l

236 3479 299 3522 nere
313 3481 341 3522 r.
362 3464 421 3523 683
442 3464 498 3523 hoc
512 3464 598 3523 modo
614 3487 620 3522 ι
1049 3477 1116 3523 sant
1128 3466 1315 3538 invenienda,
1338 3487 1403 3545 quae
1417 3467 1506 3544 magis
1520 3467 1678 3526 concinant
1692 3485 1756 3525 eum
1767 3463 1809 3533 iis,
1839 3487 1840 3526 ς

534 3569 603 3632 Ty„
614 3569 688 3641 πόλις
698 3582 772 3633 mg
783 3550 876 3650 ,giw
1049 3575 1114 3632 quae
1124 3576 1159 3614 ex
1170 3555 1341 3633 antiquitate
1354 3555 1444 3613 relata
1457 3567 1533 3614 sunt.
1547 3553 1626 3628 Quid
1636 3553 1742 3633 igitur?
1753 3550 1810 3610 Phi-

1049 3663 1120 3702 neus
1134 3643 1204 3702 deus
1215 3643 1302 3702 fuisse
1315 3643 1497 3722 perhibetur,
1511 3643 1547 3702 ad
1559 3648 1724 3722 Bosporum
1733 3636 1808 3698 habi-

315 3756 399 3818 στένει
413 3757 540 3819 κέκοπται
555 3756 599 3817 καὶ
611 3758 774 3842 χαράσσεται
785 3756 875 3818 πέδον.
1050 3733 1306 3880 Ῐθὲεῑέξῑίἱὶῃῧῃῶ
1315 3730 1663 3880 ῐΡθήῗῙῑὲιᾸὲρὸἓέῐὲῃΙΙῗ
1682 3743 1807 3876 Ῐθῑᾙῗ

1063 3843 1111 3879 rc
1204 3842 1399 3880 ronauaee
1461 3842 1521 3880 ιιι
1594 3841 1695 3879 oeos
1796 3849 1807 3858 ·

235 3882 272 3936 Et
282 3879 404 3938 alterum
420 3900 447 3938 l·
465 3881 524 3956 9¹3
539 3904 546 3938 ²
1050 3921 1175 3983 scentes,
1187 3841 1289 3988 qulldni
1299 3911 1328 3968 in
1338 3843 1437 3968 eildem
1450 3911 1513 3968 loca
1524 3911 1692 3990 pervenisse
1701 3839 1806 3966 Illnrim

314 3990 442 4074 Ὦρελεν,
456 3981 477 4050 dr
489 3995 557 4064 zen,
572 3992 641 4072 κάμὲ
654 3993 711 4072 μετ’
723 3995 824 4075 ἀνδρῶν
1049 3999 1187 4058 adversus
1197 4000 1318 4077 Scythas
1328 4001 1489 4058 exercitum
1501 3999 1669 4073 ducentem,
1685 4016 1747 4076 quc
1756 4013 1805 4051 non

354 4083 407 4138 τῶν
417 4078 562 4159 οἰχομένων
1049 4089 1144 4146 minus
1158 4109 1240 4167 paene
1251 4088 1379 4148 fabulosa
1393 4089 1448 4146 fnit
1458 4089 1536 4166 apud
1548 4093 1663 4146 Graecos
1674 4081 1806 4166 expeditio

316 4167 377 4250 περ(
387 4189 438 4226 που
451 4167 545 4239 νήσους
556 4166 756 4252 νηριτοτρόφους
1049 4197 1136 4254 qrtam
1145 4183 1386 4255 Argonautarum,
1397 4177 1536 4236 credibile
1551 4176 1693 4248 videatur,
1709 4186 1739 4232 nt
1748 4189 1806 4230 ora·

316 4256 428 4339 θανάτοο
438 4255 506 4316 κατὰ
518 4265 597 4340 μοῖρα
612 4254 738 4339 καλύψαι.
1050 4267 1127 4338 cula,
1140 4287 1206 4345 quae
1220 4266 1249 4324 in
1265 4266 1404 4344 tragoedia
1420 4287 1446 4324 v.
1462 4268 1518 4340 736
1534 4279 1563 4324 et
1581 4285 1607 4323 v.
1621 4266 1677 4340 798
1692 4279 1806 4321 comme-

236 4379 292 4440 sed
303 4400 405 4440 vereor
415 4393 448 4439 ιιι
457 4401 556 4439 rerum
568 4380 682 4440 viderit.
694 4379 791 4440 Verba
804 4380 850 4438 illa
863 4379 944 4438 facile
955 4392 1005 4438 aut
1049 4369 1158 4428 wala
1172 4375 1189 4413 ἃ
1200 4355 1254 4414 ‘1⁶⁰
1267 4357 1332 4435 iP⁸⁰
1346 4357 1537 4434 ⁰⁰ml'0flfell
1547 4353 1659 4428 Quibus
1674 4369 1758 4431 quum
1771 4365 1805 4446 Ψ

998 4470 1003 4480 ·
1051 4446 1151 4503 teritus
1172 4447 1309 4524 potentiae
1334 4449 1486 4503 Persarum
1504 4444 1726 4522 prediceretur,
1747 4449 1804 4494 satis

237 4471 267 4528 in
281 4470 392 4531 Phineo
410 4484 459 4530 aut
482 4471 593 4530 Glauco
618 4492 684 4530 suos
706 4472 784 4529 loces
806 4467 959 4528 habebant.
975 4474 1005 4529 St

1049 4553 1135 4614 grave
1147 4546 1347 4612 argumentum
1362 4534 1415 4593 fuit
1425 4534 1461 4592 ad
1471 4531 1697 4611 componendam
1711 4541 1804 4602 trage-

236 4580 308 4620 vero
320 4561 390 4621 illud
402 4566 553 4622 Persarum
566 4581 671 4619 nomen
688 4561 741 4619 toti
762 4557 915 4638 tetralogiae
929 4559 1004 4616 indi-

238 4663 299 4709 tum
321 4651 392 4726 suit¹
407 4671 465 4710 non
487 4647 676 4710 dubitandum
693 4663 751 4720 est,
767 4649 836 4728 quin
853 4669 1004 4728 „gumen
1049 4623 1135 4681 diam
1148 4625 1270 4683 Oracula
1285 4643 1354 4680 vero
1367 4623 1524 4680 tllaXerxe
1534 4631 1672 4699 regnante
1682 4618 1746 4677 data
1755 4631 1802 4671 ιιοιι

1050 4726 1131 4771 erant
1144 4713 1232 4793 (Pers.
1248 4713 1304 4785 736
1319 4724 1348 4770 et
1362 4713 1418 4788 798
1433 4723 1462 4769 et
1475 4710 1614 4769 Herodot
1629 4711 1682 4779 IX,
1700 4698 1795 4776 lr-ll)

239 4753 301 4800 tum
327 4755 449 4821 quatuor
479 4740 640 4800 fabularum
662 4740 830 4798 continuum
860 4739 946 4798 luerit
977 4753 1005 4798 et

1049 4803 1099 4860 sed
1109 4803 1195 4860 Dario
1208 4800 1382 4880 obtigerunt.
1393 4799 1538 4858 Videntur
1547 4813 1644 4858 umen
1655 4742 1803 4874 aequalil-

239 4847 408 4890 connexum.

1050 4891 1212 4950 rathoniam
1232 4909 1359 4970 pugnam
1373 4908 1466 4966 neque
1486 4889 1578 4946 ullum
1599 4886 1719 4956 malum,
1736 4873 1803 4957 quod

565 4989 675 5009 ‘'⁸⁸'’
1050 4983 1233 5042 anteaPersis
1246 4980 1384 5039 acciderit
1391 4981 1547 5058 ,attigisse
1563 4978 1668 5038 Darius
1684 4973 1754 5034 enim
1766 4967 1802 5024 st·

536 5089 706 5150 PHINEUS,
1050 5073 1090 5131 hx
1101 5071 1177 5130 dux
1172 5091 1199 5129 ιιι
1214 5070 1351 5148 tragoedia
1367 5068 1548 5148 predicatur,
1561 5087 1644 5146 cuyus
1656 5061 1732 5128 sub
1722 5075 1802 5134 impe

1050 5162 1093 5218 rio
1104 5160 1183 5218 nulla
1192 5158 1352 5217 calamitate
1363 5177 1408 5218 res
1420 5156 1536 5235 publica
1548 5159 1698 5214 Persarum
1710 5144 1801 5208 afflicta

280 5240 375 5299 Prima
387 5235 523 5320 tragoedia
534 5239 656 5304 Phineus
672 5239 742 5314 fuir.
754 5268 789 5307 ex
801 5268 857 5330 qua
868 5249 1004 5328 exiguum
1049 5261 1103 5309 est.
1114 5253 1236 5310 Necesse
1250 5260 1294 5306 est
1307 5267 1376 5307 rero
1387 5244 1496 5324 aliquid
1511 5245 1607 5322 aliquo
1620 5241 1687 5302 loco
1705 5238 1801 5298 dictum

313 3669 483 3743 ἂληθοιιινθεῐ
496 3667 519 3727 δ’
531 3669 584 3728 οὐδ’
597 3666 718 3752 ὖιιοξῦλῳ
731 3667 785 3752 ytirp
