3680 5790
223 421 278 473 158

768 400 977 464 soruoents
999 398 1251 464 FRAGMENTA.

221 539 366 620 precessit
379 557 476 596 versus
490 535 547 592 duo
564 528 871 610 lucr-untapudschol.
890 527 980 605 Soph.
1037 529 1140 601 Πηλίου
1153 529 1377 614 διιφθαρμίναιαί
1392 530 1463 614 ύψεις
1480 532 1525 593 καί
1541 533 1672 594 ταπεινὸν
1694 535 1798 601 lehn

220 626 257 687 ad
270 629 378 706 OEdip.
390 627 452 686 Col.
467 625 523 696 378
536 647 541 680 :
554 623 645 703 Ἀργος
657 622 744 682 κοῖλον
758 617 803 678 καὶ
817 620 844 676 ἐν
858 616 980 697 Θαμύρφ·
1036 617 1129 695 σχῆμιί
1143 621 1209 694 ἐστι,
1222 619 1267 680 καλ
1278 623 1296 692 ν]
1308 619 1379 700 κόμη
1391 619 1476 694 πολλὴ
1493 619 1542 698 μὲν
1555 623 1600 682 tet
1620 625 1672 694 τῆς
1683 625 1801 704 κεφαλῆς,

221 773 303 858 [620]
324 757 371 840 Ea
392 771 445 860 μὲν
464 757 638 864 Ἐριχθονίου
660 763 858 857 ποτιμοίστιον
881 761 981 854 ίσχεθε

1035 707 1120 782 πολλν]
1134 709 1161 770 bl
1173 709 1244 792 αὐτῷ
1257 709 1302 770 καί
1315 713 1341 771 ίν
1355 721 1409 780 τοῖς
1421 711 1543 792 γενείοις·
1555 711 1629 794 λύρα
1643 711 1675 772 bl
1689 713 1802 796 ἔρριπται

1036 795 1099 876 πρδς
1111 805 1164 864 τοῖς
1182 798 1254 874 ποσί,
1270 798 1427 878 κατεαγότες
1445 802 1525 872 αὐτῆς
1543 803 1567 859 ol
1590 801 1694 882 πήχεις
1714 801 1757 859 καί
1780 805 1803 859 al

875 885 981 967 κοῦρον
1036 885 1129 964 χορδαί
1139 897 1338 968 κατερρωγυῖαι.
1351 890 1453 948 Pollux
1465 889 1501 948 de
1513 909 1644 967 persona
1657 889 1804 966 Thamyra

224 1003 536 1088 Αύτολυκον,πολίων
547 997 681 1067 κτειίνων
691 993 763 1064 σίνιν
773 981 864 1088 Ᾰργεί
876 991 980 1080 κοίλῳ.
1037 973 1521 1056 1v‚1m:utvptttxmpmm
1543 977 1701 1062 ὀφθαλμόν,
1723 979 1764 1038 τὀν
1783 981 1804 1036 δὲ

221 1153 328 1206 Versus
340 1168 377 1206 ex
391 1147 508 1223 hymno,
529 1167 588 1224 quo
607 1142 706 1204 laudes
721 1142 840 1200 deorum
858 1159 874 1198 a
894 1139 983 1198 Musis

1037 1059 1146 1137 μίλανα.

1076 1151 1227 1228 Tragoedia
1244 1153 1299 1212 hac
1320 1169 1406 1234 poeta
1425 1155 1523 1216 docuit
1538 1157 1667 1216 interire
1688 1157 1805 1214 humana

221 1233 372 1294 celebrate
383 1247 462 1307 sunt,
474 1247 605 1294 servatos
618 1253 680 1304 esse
692 1230 832 1290 credibile
850 1239 906 1288 est.
925 1231 982 1284 Rea
1037 1241 1131 1298 omnia
1147 1242 1232 1300 egam
1251 1247 1496 1322 praestantissima,
1509 1247 1535 1304 si
1547 1247 1688 1324 neglecta
1711 1249 1807 1324 ij

220 1324 287 1402 ipsa
298 1324 397 1402 ignota
413 1336 473 1396 est;
489 1343 574 1382 nenio
593 1321 669 1380 enim
689 1331 820 1379 veterum
837 1314 982 1374 memoria

220 1411 354 1490 prodidit
375 1413 440 1491 quis
464 1411 514 1470 hio
536 1411 694 1486 Autolycus
717 1407 812 1468 luerit
835 1405 984 1479 Thamyrae

219 1499 374 1560 tribuerim
396 1499 509 1559 laudem
527 1519 586 1558 suae
600 1499 710 1576 patriar.
723 1494 855 1556 Eustath.
873 1513 901 1573 p.
916 1491 984 1560 358,

221 1597 258 1658 lo
273 1585 394 1648 ι’(λτιδί
408 1585 541 1668 Θρρκυιδς
552 1589 597 1646 καὶ
608 1590 623 1646 ό
633 1585 724 1659 Ἄθως,
734 1575 763 1642 ού
773 1583 850 1660 μνεία
861 1581 932 1661 παρὰ
946 1581 984 1660 τῷ

220 1679 335 1758 ποιητῇ,
347 1677 431 1750 δηλοῖ,
444 1674 516 1756 φασὶ,
531 1676 670 1754 Σοφοκλῆς
687 1675 713 1732 ίν
725 1671 860 1752 Θαμύριδι
872 1666 963 1744 clude,

274 1819 357 1902 [621]
372 1819 514 1910 Θρῇσσαν
531 1811 658 1882 σκοπιδιν
675 1813 768 1890 Ζηνὸς
787 1799 904 1896 Ᾰθῴου.

223 1959 319 2021 Addua
333 1961 402 2018 huic
417 1979 518 2018 vocem
535 1956 658 2039 τρίγωνος
678 1953 756 2032 apud
772 1953 877 2010 Athen.
893 1956 941 2020 li‘,
956 1971 983 2028 p.

226 2053 294 2122 103,
317 2053 351 2122 E,
368 2061 504 2127 tanquam
523 2046 559 2106 ad
581 2046 718 2104 llusicam
738 2042 945 2118 pertinentem,
958 2053 985 2096 et
1040 2082 1047 2104 ‚

224 2137 345 2198 sortasse
358 2136 436 2214 apud
450 2135 571 2193 eundem
592 2133 696 2192 Athen.
716 2133 794 2204 XIV,
810 2150 838 2208 ρ.
852 2129 920 2200 637,
939 2132 984 2186 A:

224 2227 362 2308 Σοφοκλῆς
376 2225 399 2282 δ’
414 2225 440 2282 ίν
454 2220 585 2302 Θαμύρα·

277 2363 358 2444 [622]
383 2357 508 2432 Πηκταὶ
520 2349 555 2424 δὲ
565 2359 654 2450 λύραι
669 2357 720 2422 καὶ
736 2344 904 2448 μαγαδιδες

382 2471 423 2540 τοί
441 2478 467 2540 τ’
485 2475 513 2540 ἐν
531 2459 648 2546 Σλλησι
661 2464 741 2549 ξόαν’
756 2461 904 2562 ἡδυμελῆ.

224 2605 306 2664 Phot.
318 2623 346 2681 p.
360 2605 428 2678 239,
445 2601 493 2660 15:
507 2598 636 2677 Μύγαδις,
647 2597 773 2682 ψαλτικδν
785 2597 903 2677 όργανον·
919 2594 987 2654 otro

225 2693 370 2774 Σοφοκλῆς.
395 2691 495 2748 Victus
509 2689 664 2764 Thamyris
687 2689 868 2758 lamentatur,
890 2697 923 2742 ut
945 2696 988 2742 est

225 2781 302 2860 apud
325 2780 470 2840 Pollucem
488 2785 541 2850 IV,
564 2781 618 2850 75:
632 2776 811 2844 ιΜύναυλοςν
823 2773 925 2856 εύρημα
939 2773 986 2850 μίν

224 2870 295 2927 ίστιν
317 2867 479 2946 Αἰγυπτίων,
494 2865 626 2945 μέμνηται
648 2865 675 2925 dl
699 2867 777 2924 αὐτοῦ
801 2865 937 2944 Σοφοκλῆς
960 2864 986 2922 ίν

224 2962 342 3041 θαμύρι.
355 2963 458 3022 Athen.
481 2966 531 3034 w,
552 2981 580 3040 p.
597 2963 661 3034 175,
674 2963 703 3020 F.
716 2982 723 3022 ε
736 2963 791 3021 Τοῦ
815 2957 842 3016 δί
857 2955 986 3036 μοναύλου

226 3051 383 3130 μνημονεύει
392 3053 527 3132 Σοφοκλῆς
544 3049 591 3128 μίν
605 3054 632 3109 dr
645 3049 762 3133 Θαμύρφ
773 3049 866 3115 οὕτως·

225 3192 307 3272 [626]
324 3170 434 3278 ῼχωκε
457 3185 515 3280 γδιρ
532 3185 668 3280 κροτητὰ
685 3137 840 3260 πηκτίδων
859 3190 932 3279 μίλη

317 3305 395 3396 λύρα
411 3303 570 3395 μοναύλοις
586 3329 619 3368 τε
634 3307 822 3396 χειμώντεως

318 3419 388 3495 ναδς
402 3418 538 3510 στίρημα
555 3414 749 3510 κωμασοίσης.

225 3549 316 3608 Valde
326 3563 465 3627 corrupta
474 3563 540 3608 sunt
550 3561 579 3608 et
593 3549 770 3608 emendanda
779 3563 932 3628 antequam
944 3549 987 3608 la·

226 3639 285 3697 tine
300 3651 458 3698 vertantur.
470 3637 547 3696 abiit
561 3638 703 3716 fregitque
716 3639 906 3698 instrumenta
921 3657 986 3695 mu-

225 3727 292 3784 sica.
302 3727 470 3786 Plutarchus
480 3727 583 3785 Moral.
597 3727 741 3804 pruno:
754 3725 822 3787 Ἀλλ’
833 3724 986 3806 ὀργιζόμεθα

225 3813 270 3872 καί
285 3814 420 3892 πολεμίοις
434 3813 478 3874 καλ
499 3813 581 3896 φίλοις
602 3813 647 3873 καί
660 3813 758 3882 τέκνοις
767 3814 812 3874 καὶ
823 3819 927 3891 γονεῦσι
941 3812 985 3873 καί

225 3906 291 3968 θεοῖς
306 3901 338 3974 νὴ
361 3903 412 3963 Δία
427 3903 471 3964 καί
490 3902 588 3985 θηρίοις
604 3901 649 3962 καί
664 3902 774 3985 ἀψύχοις
791 3902 987 3978 miremort

225 3988 349 4070 Θάμυρις

278 4129 359 4214 [624]
381 4115 497 4222 lapte
515 4123 697 4222 χρυσόδετον
715 4135 814 4225 κέρας,
891 4139 895 4147 ’

384 4246 490 4336 ῥηγνὺς
507 4245 649 4339 ἁρμονίαν
666 4237 853 4340 χορδοτόνου
867 4250 969 4340 λύρας.

224 4385 347 4444 Videtur
364 4387 404 4445 ita
423 4407 505 4445 suam
523 4388 635 4446 cladem
658 4390 720 4468 ipse
741 4390 916 4468 deplorasse.
937 4397 985 4449 ln-

224 4488 336 4534 certum
351 4488 393 4534 est
408 4475 597 4553 fragmentum
623 4478 701 4556 apud
724 4482 843 4538 Antiatt.
868 4502 897 4557 p.
923 4482 986 4550 105,

225 4583 261 4635 27
284 4587 290 4620 :
315 4559 396 4644 [625]
418 4561 564 4631 «κοίνναύις
583 4591 610 4635 ν,
633 4567 770 4646 Σοφοκλῆς
790 4565 916 4649 Θαμύρα.
942 4569 984 4626 Cl.

225 4657 344 4711 Pausan.
354 4657 394 4726 X,
407 4653 442 4710 διν
454 4675 460 4710 :
473 4651 610 4734 Θαμύριδι
622 4653 697 4730 ίγγύς
714 4678 743 4713 τε
759 4655 927 4736 καθεζομένῳ
939 4662 985 4716 τοῦ

574 4829 636 4879 620.

261 4901 299 4955 Ex
312 4899 488 4959 Erichthonio
500 4901 536 4958 ad
549 4919 694 4959 mammam
708 4903 804 4960 habuit
815 4919 932 4977 puerum

225 4976 400 5051 Autolycum,
418 4983 567 5038 multorum
581 4983 715 5040 bonorum
734 4982 897 5056 perditorem
911 4983 983 5039 cavis

714 5063 805 5136 Argis.

571 5147 633 5198 621.

313 5214 456 5272 Thraciam
469 5219 606 5291 speculam
619 5219 695 5279 Joris
709 5218 803 5277 Athoi.

1038 1347 1090 1428 per
1110 1328 1292 1391 insolentiam
1315 1353 1381 1392 cum
1399 1333 1507 1395 divinis
1529 1334 1722 1394 contendere
1740 1335 1806 1393 iuci-

1039 1429 1128 1494 piant.

1356 1515 1485 1537 1-4...-

1302 1595 1534 1657 HIPPONOUS.

1077 1733 1214 1812 Apollod.
1230 1739 1253 1808 l,
1273 1737 1301 1808 8,
1321 1743 1335 1802 d
1351 1733 1489 1802 εἈλθαίας
1504 1735 1698 1808 ἀποθανούσης
1719 1737 1804 1813 ἔγημεν

1039 1819 1132 1888 Οἰνεύς
1153 1821 1296 1901 [lapidetur
1312 1819 1360 1893 τῆν
1379 1821 1526 1908 Ἱππονόου.
1548 1822 1667 1893 Ταύτην
1688 1823 1716 1882 δὲ
1734 1829 1748 1882 d
1766 1825 1803 1900 μὲν

1039 1907 1140 1990 γρόψας
1161 1908 1209 1982 τῆν
1236 1907 1362 1979 Θηύαίδα
1385 1909 1580 1988 πολεμηθείσης
1604 1909 1726 1971 Ὠλένου
1745 1913 1804 1988 λέγει

1039 1995 1128 2056 λαύεῖν
1151 1997 1232 2057 Οίνία
1253 1995 1347 2076 γε’ρας·
1372 1995 1493 2064 Ἱίσίοδος
1516 1997 1545 2057 dl
1575 1997 1606 2068 ἐξ
1630 1998 1751 2059 Ὠλένου
1768 2003 1805 2070 τῆς

1044 2079 1146 2164 Αχαίας
1160 2084 1323 2166 ίφθαρμίνην
1342 2085 1394 2146 tri
1407 2087 1604 2166 Ἱπποστράτου
1616 2093 1668 2146 τοῦ
1683 2088 1805 2168 'Apoph-

1039 2193 1103 2238 κεως
1123 2169 1261 2232 Ἱππόνουν
1292 2173 1335 2232 τὸν
1365 2172 1467 2254 πατίρα
1492 2174 1602 2256 πέμψαι
1635 2173 1708 2257 πρδς
1735 2177 1805 2236 Οἰνία

1039 2257 1129 2340 πόρρω
1146 2263 1194 2332 τῆς
1207 2258 1335 2328 Ἑλλάδος
1353 2261 1426 2336 ὄντα,
1447 2263 1634 2340 ἐντειλάμενον
1651 2267 1804 2324 ἀποκτείναι

1041 2349 1102 2407 Elei
1121 2346 1150 2406 δι’
1169 2370 1236 2416 τινες
1255 2351 1280 2406 οί
1297 2348 1416 2428 λίγοντις
1436 2349 1576 2409 Ἱππόνουν
1599 2352 1749 2431 ἐπιγνόντα
1768 2355 1806 2409 τίν

1041 2435 1107 2494 ἰδίαν
1121 2435 1250 2516 θυγατίρα
1259 2435 1423 2518 ἐφθαρμίνην
1434 2437 1484 2496 ύπδ
1493 2435 1609 2511 Οίνίινς,
1622 2438 1724 2518 ἔγκυον
1736 2442 1806 2510 αύεῆν

1039 2523 1103 2604 πρὸς
1124 2529 1215 2584 τοῦτον
1239 2525 1405 2605 ἀποπέμψαι.
1430 2525 1576 2600 Ἐγεννήθη
1608 2526 1639 2585 δὲ
1664 2529 1701 2588 ἐκ
1722 2529 1806 2598 ταύτης

1039 2616 1116 2673 ouer
1132 2613 1241 2681 Τυδεύς.
1262 2615 1347 2693 Apud
1369 2616 1513 2692 Hyginum
1536 2615 1635 2678 Fabb.
1665 2620 1707 2693 69
1730 2633 1759 2676 et
1779 2639 1805 2688 ςο

1039 2701 1155 2778 Tydeus
1174 2703 1249 2760 lilius
1271 2716 1315 2761 est
1338 2704 1475 2763 Periboeae
1493 2705 1632 2782 raptivae.
1657 2708 1758 2767 Schol.
1780 2709 1804 2763 ad

1039 2789 1119 2848 iliad.
1131 2791 1166 2862 Ξ,
1181 2799 1245 2864 rid,
1257 2789 1344 2850 Diod.
1356 2793 1411 2850 Sic.
1425 2797 1474 2866 Ν,
1485 2793 1532 2850 35.

1079 2880 1112 2935 ln
1126 2877 1173 2936 his
1184 2877 1383 2956 scriptoribus,
1397 2898 1470 2958 quos
1484 2885 1735 2958 commemorari,
1747 2885 1803 2941 nihl

1040 2965 1205 3024 continetur
1223 2967 1302 3045 quod
1323 2965 1359 3026 ad
1375 2968 1509 3045 tragicam
1529 2968 1714 3046 dignitatem
1732 2993 1802 3030 acuL

1040 3053 1212 3133 diatimque
1226 3055 1399 3115 crediderim
1413 3056 1561 3114 oraculum
1579 3059 1751 3136 quoddam,
1764 3083 1802 3118 rn-

1036 3143 1085 3220 jus
1097 3143 1171 3202 nihil
1186 3143 1271 3201 nobis
1285 3157 1429 3202 servatum
1442 3156 1494 3217 est,
1512 3157 1618 3202 notum
1635 3146 1731 3204 fuisse
1741 3159 1802 3202 sete

1041 3231 1135 3304 ribus,
1150 3253 1209 3310 quo
1227 3253 1328 3310 magna
1344 3232 1475 3310 quaedam
1494 3253 1531 3290 ex
1554 3235 1716 3312 Hipponoi
1738 3247 1801 3292 sorte

1040 3321 1099 3378 sato
1116 3320 1254 3379 destinata
1268 3321 1384 3380 luerint.
1407 3328 1447 3379 hc
1463 3321 1660 3380 niemorabite
1672 3337 1719 3381 est
1736 3324 1799 3400 quod

1039 3409 1128 3484 Tydei
1149 3421 1177 3468 et
1197 3411 1323 3486 Capanei
1338 3421 1421 3487 pater
1439 3408 1484 3467 vel
1506 3429 1579 3468 erus
1599 3430 1616 3468 a
1633 3412 1798 3489 quibusdan

1042 3509 1230 3570 memoratur,
1245 3499 1296 3576 qui
1311 3497 1440 3556 moribus
1453 3510 1535 3555 erant
1554 3499 1734 3568 simillimis,
1752 3521 1799 3557 ma-

1039 3607 1161 3665 gnorum
1177 3591 1317 3647 malorum
1334 3602 1476 3661 auctores,
1489 3589 1615 3647 deorum
1628 3605 1797 3669 contempto

1040 3696 1096 3737 res.
1119 3681 1221 3754 ltaque
1242 3677 1374 3755 suspicor
1401 3677 1550 3754 Hipponoi
1576 3678 1730 3737 sor-tunam
1751 3699 1795 3735 non

1040 3765 1099 3824 lere
1120 3765 1204 3823 aliter
1228 3783 1261 3822 ac
1286 3766 1388 3823 Laium
1413 3765 1569 3844 prebuisse
1604 3781 1795 3843 argumentum

1040 3857 1197 3934 tragoediae,
1211 3869 1244 3914 ut
1257 3875 1427 3933 magnorum
1442 3857 1586 3916 malorum
1604 3867 1685 3919 esset
1703 3857 1796 3936 princi-

1040 3945 1119 4022 pium
1134 3957 1163 4004 et
1176 3943 1338 4018 exordium,
1356 3963 1420 4022 quae
1444 3943 1529 4004 bellis
1551 3947 1726 4004 continuata
1746 3947 1795 4002 σίν-

1040 4033 1105 4092 dem
1117 4033 1221 4092 domus
1235 4032 1394 4092 attulerint.
1407 4037 1470 4092 Hoc
1487 4053 1596 4092 nomen
1617 4035 1710 4093 etiam
1726 4035 1793 4092 Peri-

1039 4120 1103 4180 boea
1115 4121 1238 4193 indicat,
1251 4141 1315 4199 quae
1333 4140 1500 4198 magnorum
1522 4121 1702 4180 bellatorum
1716 4136 1794 4181 mater

1040 4211 1105 4281 suit,
1120 4223 1152 4267 ut
1167 4209 1222 4268 alia
1232 4208 1373 4282 Periboea,
1391 4229 1455 4286 quae
1466 4209 1586 4287 Ajacem
1600 4213 1726 4290 peperit

1079 4299 1268 4377 Hipponoum
1279 4297 1366 4374 igitur
1376 4309 1462 4375 poeta
1473 4297 1574 4355 fecerit
1584 4313 1696 4376 praeter
1706 4300 1790 4357 τοίυνν

1039 4401 1126 4447 tatem
1139 4386 1258 4444 deorum
1277 4385 1365 4443 filiam
1378 4404 1456 4443 suam
1469 4385 1650 4460 elocantem,
1662 4390 1712 4465 qui
1727 4400 1790 4446 reru

1039 4497 1159 4536 uxorem
1177 4496 1239 4536 eam
1261 4475 1367 4534 ducere
1391 4496 1450 4534 non
1471 4474 1584 4535 debuit.
1611 4477 1659 4536 Δε·
1685 4481 1789 4536 sortior

1039 4569 1123 4627 etiam
1150 4565 1279 4624 Periboea
1298 4564 1408 4624 nubere
1431 4564 1472 4623 illi
1494 4566 1599 4640 noluit,
1613 4587 1670 4625 nec
1692 4569 1788 4626 terimi

1039 4657 1094 4715 uisi
1111 4667 1208 4714 coacta
1222 4667 1304 4714 esset.
1322 4659 1421 4731 ltaque
1432 4667 1564 4714 auctores
1587 4670 1657 4714 sunt
1676 4659 1722 4734 qui
1737 4675 1787 4714 earn
1817 4655 1818 4719 l

1386 4827 1449 4878 622.

1023 4921 1026 4926 ’
1039 4904 1129 4960 Pulsae
1140 4903 1206 4974 lyrae
1220 4908 1247 4958 et
1259 4900 1442 4956 instrumenta
1455 4899 1562 4956 musica
1816 4883 1817 4947 l

1037 4992 1065 5041 et
1075 4999 1137 5056 quaa
1147 4983 1217 5039 inter
1228 4983 1339 5040 Grecos
1350 4988 1416 5038 sunt
1425 4996 1506 5053 opera
1520 4979 1603 5038 duloe
1613 4984 1743 5040 mantia.
1815 5033 1816 5050 γ

1108 5143 1248 5211 Frangens
1261 5153 1328 5194 auro
1341 5065 1499 5210 colligi-tum
1513 5154 1618 5206 cornu.

1106 5219 1234 5293 frangens
1242 5217 1409 5276 harmoniam
1422 5217 1488 5290 lyrae
1498 5217 1612 5278 chordis
1622 5221 1722 5278 ιίιιευα
