3714 5790
601 398 777 460 AEscflYLI
798 394 1046 461 FRAGMENTA.
1559 418 1615 470 rur

65 533 326 614 essentisedprocul
336 531 425 592 dnbio
432 531 673 610 exponerevoluit
683 529 810 589 laetitiam
855 529 1021 587 instituitur.
1044 529 1101 600 Qui
1116 530 1164 588 rix
1178 529 1366 591 dubitandum
1382 546 1425 594 est
1435 537 1505 615 quin
1525 539 1616 600 lactus

66 638 142 704 parte
151 624 289 695 victoriae,
303 611 389 700 'quem
399 641 483 680 cursu
496 640 560 680 cum
571 619 680 679 facibus
691 621 811 698 aliisque
856 618 893 676 sit
903 617 940 677 ab
948 617 1175 678 adolescentibus
1189 620 1424 693 Atheniensibus,
1438 626 1488 703 qui
1505 624 1615 688 facibus

65 712 145 773 modis
156 712 197 771 illi
210 709 400 770 celebrarunt.
856 707 1068 785 comprehensis
1083 709 1208 767 Athenas
1230 728 1329 768 versus
1345 715 1533 774 cucurrerint.
1545 721 1618 778 Sunt

97 807 179 859 Recte
189 813 287 860 autem
301 799 398 858 docuit
412 798 579 858 Welclrerus
589 798 715 856 omnium
728 798 813 858 lesto-
857 795 906 872 qni
923 795 1000 854 circa
1022 795 1165 874 thymelen
1185 801 1300 874 Satyros
1320 801 1477 861 cucurrisse
1499 816 1615 882 putent,

66 909 118 946 rum
133 889 207 966 apud
225 888 413 947 Athenienses
428 887 570 946 latissima
586 886 685 961 luisse,
707 885 812 963 quibus
856 883 885 940 id
900 884 978 961 quod
992 883 1165 942 nullomodo
1182 886 1333 964 probabile
1350 888 1481 962 videtur,
1499 904 1529 949 et
1549 897 1618 973 quia

65 977 241 1036 adolescentes
264 976 377 1035 facibus
393 977 527 1034 instructi
546 974 613 1034 inde
626 974 663 1033 ab
680 993 728 1034 ara
741 980 813 1034 Pro-
857 973 950 1049 Satyri
962 991 1021 1030 non
1031 973 1052 1030 ii
1064 973 1225 1044 fuerunt,a
1241 975 1345 1052 quibus
1360 997 1458 1036 cttrsus
1470 979 1618 1042 institutus

62 1065 155 1122 methei
165 1065 195 1123 in
202 1065 481 1125 CeramicoAthenas
493 1083 591 1122 versus
600 1083 686 1122 cursu
698 1065 774 1122 inter
782 1082 812 1121 se
857 1073 913 1132 est,
929 1072 958 1118 et
979 1062 1048 1138 quia
1065 1062 1251 1123 Athenienses
1271 1083 1368 1122 omnes
1391 1065 1617 1130 vehementiores

66 1154 255 1212 contenderint.
270 1159 373 1232 ltaque
393 1166 469 1212 recte
486 1165 712 1231 argumentuma
728 1165 812 1230 poeta
858 1162 952 1208 motus
968 1169 1116 1209 removere
1137 1169 1154 1208 a
1170 1171 1253 1209 scena
1266 1151 1405 1211 solebant.

66 1243 172 1300 electum
198 1254 299 1321 putat,
323 1243 354 1300 in
376 1262 434 1320 quo
452 1243 579 1300 laetitiam
599 1241 812 1300 Atheniensium
897 1239 1007 1309 Quodsi
1026 1239 1222 1316 jamea,quae
1243 1243 1375 1319 exposui,
1391 1243 1617 1324 valdeambigua

66 1331 162 1407 optime
183 1331 357 1390 ostenderet.
385 1330 548 1406 AEschylum
573 1343 668 1388 censet
694 1330 734 1388 ita
760 1329 811 1388 ad·
857 1339 923 1384 sunt
937 1347 1029 1403 neque
1039 1327 1098 1385 ullo
1110 1328 1197 1385 modo
1209 1347 1263 1406 pro
1277 1329 1363 1388 certis
1373 1331 1403 1388 iu
1424 1335 1618 1410 tantaSatyri·

66 1437 167 1475 ornasse
183 1417 324 1492 sabulum,
338 1431 368 1477 ut
381 1438 442 1476 eam
453 1417 490 1476 ad
504 1439 630 1498 vesperae
642 1438 811 1498 crespuscu-
857 1435 953 1473 carum
979 1414 1139 1474 fabularum
1165 1415 1341 1476 obscuritate
1364 1418 1461 1478 baberi
1479 1435 1618 1498 possunt,

66 1509 115 1564 lum
131 1507 174 1584 agi
191 1509 326 1567 voluerit.
346 1508 380 1566 ld
398 1527 465 1566 saue
483 1521 593 1568 certum
607 1522 650 1568 est
666 1520 695 1567 et
709 1510 813 1568 laetitiae
857 1503 1061 1562 audacissimus
1086 1517 1159 1563 essct
1182 1518 1299 1564 conatus
1322 1505 1486 1582 habendus,
1509 1509 1532 1568 si
1553 1510 1617 1588 quis

66 1615 138 1652 causa
148 1594 271 1654 fabulam
285 1610 378 1656 actam
390 1617 450 1654 esse
464 1609 493 1655 et
506 1598 705 1657 Prometheum
720 1597 749 1656 in
762 1601 814 1656 Ce·
857 1592 939 1669 plura
951 1591 985 1650 dc
1001 1592 1043 1652 cis
1057 1593 1142 1652 vellet
1153 1594 1338 1653 comminisci.

67 1685 159 1743 ramico
171 1685 312 1758 electum,
326 1685 376 1765 qui
390 1685 608 1770 λαμπαδοδρομίρ
620 1688 702 1766 quasi
713 1698 814 1745 auctor

67 1772 231 1830 lurtlaetrtiae.
485 1862 491 1874 .
600 1863 605 1876 γ
735 1862 741 1874 ·
1113 1813 1362 1874 PHImCTETA·

99 1858 196 1918 Fabula
204 1859 353 1939 quomodo
363 1875 523 1940 composita
535 1863 630 1936 luerit,
642 1863 724 1940 plene
734 1881 813 1939 igno-
1255 1899 1259 1906 ·

69 1963 148 2024 ratur3
165 1973 198 2010 ne
212 1952 321 2011 chorus
342 1952 457 2030 quidem
479 1954 570 2030 qualis
587 1952 671 2012 luerit
691 1964 812 2026 constat,
897 1943 1084 2002 Philoctetam
1094 1944 1237 2020 AEschyii‚
1259 1947 1310 2022 qui
1325 1965 1361 2004 nc
1376 1946 1541 2024 conjectura
1553 1949 1620 2027 qui·

68 2059 222 2118 quiamquam
241 2061 278 2098 ex
301 2041 411 2117 Satyris
429 2043 619 2121 compositum
643 2060 708 2100 eum
729 2040 814 2099 luisse
858 2030 1621 2113 dccl00g¹¹0³cii11h³dq11mnliiicgicmpcrtinuccii,

68 2127 187 2184 credibile
203 2141 253 2186 est.
276 2133 380 2206 Itaque
394 2135 528 2205 Satyrum
548 2131 613 2207 igne
632 2130 726 2207 primo
741 2149 812 2186 con.
860 2119 1003 2198 nequead
1024 2120 1146 2180 ullamne
1164 2121 1306 2200 trilogiam
1325 2124 1441 2182 omuino
1455 2124 1621 2184 referendus
1695 2181 1698 2188 .

68 2227 259 2294 ,p0010‚quem
272 2217 458 2276 Prometheus
468 2219 496 2276 in
506 2238 553 2276 m
561 2217 741 2292 accenderit,
752 2217 815 2275 asse.
858 2208 904 2282 sit,
919 2209 1171 2287 circumpositione
1181 2211 1337 2268 Hermanni
1346 2211 1557 2284 exhibebimus,
1571 2213 1621 2290 qui

69 2315 133 2360 unm
144 2316 428 2382 putantteretemque
436 2306 653 2385 flammamque
661 2325 814 2364 coruscans
860 2315 1033 2373 quamquam
1050 2316 1109 2354 11⁰ss
1128 2317 1161 2354 ⁰³
1178 2297 1313 2374 Protulit,
1327 2319 1391 2376 (1·Ιέθ
1409 2311 1490 2358 ΕΜ
1506 2319 1621 2359 θῐῦθθῐῐῐ

70 2409 94 2446 se
115 2391 253 2466 elevabat,
274 2394 410 2473 amplecti
433 2396 557 2454 voluisse
582 2407 610 2452 et
635 2394 812 2452 admonitum
859 2383 1081 2462 disputationem
1106 2396 1198 2448 essent
1219 2387 1330 2462 posita,
1365 2398 1458 2445 tamen
1484 2387 1622 2464 pleraque

70 2498 120 2535 esse
131 2479 157 2536 id
172 2501 206 2538 ne
219 2481 336 2540 faceret,
350 2486 410 2540 1102
425 2483 506 2561 prodi
518 2504 601 2542 versu
616 2485 644 2542 j„
657 2482 734 2541 hunc
748 2502 810 2541 mo.
859 2472 941 2530 valde
953 2471 1150 2550 probabiliter,
1161 2473 1249 2530 murita
1261 2485 1354 2549 acute,
1365 2475 1463 2533 omnia
1474 2474 1622 2552 ingeniose

70 2565 127 2623 dnm
144 2569 217 2645 apud
231 2568 415 2628 Plutarchum
432 2575 487 2650 (De
501 2591 564 2650 cap.
581 2591 617 2630 εκ
632 2573 711 2632 inim.
730 2573 812 2635 utilit.
859 2561 1023 2638 explicavit·

71 2674 94 2730 p.
106 2654 147 2728 86,
160 2656 204 2732 F),
225 2657 336 2736 scripto
354 2680 360 2714 :
380 2661 435 2718 Τοῦ
461 2658 489 2716 δὲ
507 2659 626 2740 Σατύρου
648 2662 678 2722 ab
704 2670 757 2746 πῦρ
780 2667 814 2732 ὡς
897 2643 1085 2716 Tragicorum
1103 2659 1211 2717 primus
1226 2640 1340 2699 videtur
1357 2640 1622 2718 AEschylusPhilo-

71 2743 157 2819 ,prm
171 2742 243 2826 ὤφθη
257 2743 417 2824 βουλομένου
436 2747 545 2828 mmm
563 2748 608 2807 καὶ
630 2751 814 2832 περγὸαλεῖν,γ
858 2738 961 2828 ctetam
978 2726 1138 2804 scripsisse3
1154 2729 1253 2829 secuti¹
1264 2739 1330 2828 supt
1349 2727 1506 2830 Sophocles
1520 2739 1548 2785 et
1564 2732 1623 2786 Eu-

71 2828 221 2910 ῃρομηρεγς,
859 2811 977 2892 iapudes,
994 2833 1119 2892 quorum
1140 2815 1287 2892 tragoedras
1305 2830 1381 2874 mter
1404 2835 1480 2893 ipsas
1502 2835 1621 2894 compa-

859 2923 924 2961 rans
938 2903 994 2961 Dio
1006 2903 1150 2979 Chrysost.
1166 2907 1216 2962 Or.
1231 2904 1265 2962 52
1283 2903 1344 2962 haec
1357 2905 1472 2983 scripsit
1487 2925 1493 2962 :
1509 2906 1569 2980 [96]
1584 2901 1621 2964 Ἦ

859 3014 887 3050 τε
900 2989 951 3071 γὰρ
964 2995 1009 3050 τοῦ
1023 2990 1156 3072 Αῖσγύλου
1174 2989 1388 3074 μεγαλοφροσύνη
1401 2992 1446 3052 καί
1458 2991 1489 3052 τὸ
1502 2994 1623 3074 ἀρχαῖον,

860 3079 898 3136 ἔτι
912 3077 996 3138 δὲκαὶ
1014 3078 1043 3138 τὸ
1057 3078 1165 3147 αὔθαδες
1176 3084 1221 3152 τῆς
1236 3080 1349 3148 διανοίας
1364 3079 1408 3140 καὶ
1423 3080 1542 3163 ρριίσεως
1554 3079 1623 3163 πρί-

860 3189 942 3227 ποντα
967 3167 1086 3250 θραίνετο
1103 3169 1236 3250 τραγῳδία
1257 3169 1301 3228 καλ
1323 3179 1377 3237 τοῖς
1395 3172 1515 3236 παλαιοῖς
1550 3167 1619 3228 ίθεσι

860 3258 912 3315 τῶν
938 3254 1048 3339 ἡρώων,
1072 3255 1146 3317 οὐδὲν
1169 3255 1265 3338 ἔχοντα
1290 3256 1537 3336 ἐπιύεύουλιυμίνον
1565 3254 1624 3316 otei

1178 1737 1308 1760 ..θ’-

98 2972 150 3046 [94]
168 2974 285 3070 Τροίγος
303 2979 412 3071 γένειον
429 2973 488 3073 ἆρα
508 2981 660 3062 πενθήσεις
676 2989 709 3051 σύ
731 3011 781 3080 γε·

99 3077 166 3145 καίει
181 3083 232 3149 τδν
247 3079 414 3174 ἁψάμενον,

72 3202 116 3260 nisi
132 3218 272 3282 postrema
285 3223 354 3267 suut
369 3211 528 3282 Plutarchi;
540 3233 633 3292 neque
650 3235 684 3274 ea
703 3216 813 3276 huben-

73 3301 110 3346 tur
132 3295 204 3370 apud
224 3297 406 3356 Eustathium
425 3318 453 3377 p.
477 3301 542 3372 415,
559 3323 586 3374 7,
599 3304 697 3381 priora
710 3306 748 3363 ita
763 3328 816 3365 ex-

73 3375 256 3458 plicautcm‚d›
277 3385 373 3466 τριίγε,
390 3386 458 3446 πάνυ
469 3388 582 3470 στερήσῃ
597 3391 704 3469 γενείου,
725 3393 815 3467 slaha

73 3465 142 3543 ρλύγα
153 3469 276 3550 φιλήσεις.
290 3472 400 3531 Deinde
416 3473 553 3534 credibile
571 3491 614 3536 est
632 3478 755 3539 subulam
777 3483 816 3541 ita

74 3571 124 3612 esse
140 3561 342 3637 compositam,
357 3574 390 3618 ut
403 3562 556 3624 doceretur
576 3569 722 3644 quomodo
744 3571 817 3629 iuter

75 3640 182 3703 letitiam
193 3647 413 3730 λαμπαδοδρομία
432 3651 547 3710 inventu
561 3666 589 3711 et
600 3655 718 3715 Athenis
734 3659 816 3718 insti-

76 3740 124 3788 tuta
144 3735 186 3793 sit.
208 3739 297 3796 Faces
325 3737 484 3797 ulieruutur
508 3755 557 3799 aut
586 3747 731 3820 qurumodo
756 3749 817 3808 lieri

78 3823 173 3893 possint
186 3824 320 3894 docetnr;
336 3847 393 3904 quo
408 3829 555 3888 reserenda
567 3845 633 3890 sunt
644 3833 731 3894 verba
746 3838 817 3895 Pol-

76 3904 133 3964 lucis
143 3915 182 3982 X,
199 3933 231 3986 17
246 3933 253 3971 τ
268 3911 349 3974 iiii
362 3913 406 3973 καί
423 3915 553 3996 Αἰσχύλος
564 3920 590 3977 ἐν
603 3921 738 4001 Προμηθεῖ
752 3947 816 4006 πυρ-

78 4002 130 4052 rasi·

80 4121 126 4196 [9⁵]
138 4123 259 4212 Λιναίδες
268 4126 418 4221 distrione
427 4138 592 4229 reipublice
605 4143 714 4235 μακροὶ
722 4145 815 4212 τύνοι.

80 4281 156 4339 Codd.
174 4283 231 4344 λίνα
259 4286 295 4346 δὲ.
325 4291 529 4352 Accendantur
553 4296 627 4356 laces
661 4317 818 4377 cursusque

80 4391 580 4424 —--..-..-.......„

137 4527 231 4618 liirens
240 4541 364 4590 mentum
378 4469 597 4608 maididellehis3

137 4615 270 4670 turrteum
284 4613 332 4685 qui
346 4629 408 4670 eum
420 4614 536 4688 attigit).-

124 4771 230 4834 Funalia
242 4785 270 4835 et
279 4779 322 4851 pix
332 4788 360 4838 et
375 4706 515 4840 ciuilium
530 4783 605 4858 longi
617 4783 707 4844 lanes.

419 4874 466 4925 96.

861 3342 999 3421 στωμύλον
1017 3342 1075 3403 οὐδὲ
1099 3343 1230 3406 ταπεινόν·
1244 3346 1341 3406 ἓπείτοι
1365 3347 1410 3406 καὶ
1432 3347 1475 3406 τὸν
1490 3344 1623 3407 Ὀδυσσέα

861 3433 949 3510 εἰσῆγε
964 3430 1057 3515 δριμὺν
1076 3431 1122 3492 καί
1143 3433 1227 3492 δολιον
1246 3437 1281 3501 ὡς
1298 3437 1325 3494 ἐν
1343 3443 1396 3503 τοῖς
1416 3433 1491 3509 τότε,
1506 3432 1572 3494 πολὺ
1596 3432 1623 3492 δὲ

863 3510 997 3590 ἀπέχοντα
1010 3515 1056 3583 τῆς
1070 3515 1115 3571 νῦν
1130 3511 1299 3589 κακοηθείας,
1315 3512 1383 3573 ὥστε
1397 3517 1435 3596 τῷ
1445 3513 1500 3572 ύντι
1514 3517 1623 3594 ἀρχαῖον

863 3598 893 3656 διν
914 3597 985 3668 δοἜαι
1004 3595 1076 3681 παρδι
1098 3597 1156 3665 τούς
1181 3605 1226 3658 νῦν
1244 3602 1342 3668 ἁπλοῦς
1364 3591 1430 3660 εἶναι
1454 3599 1623 3680 βουλομένους

863 3686 907 3744 καὶ
931 3686 1140 3770 μεγαλόφρονας,
1163 3687 1208 3747 καλ
1233 3687 1305 3748 οὐδέν
1329 3713 1359 3769 γε
1383 3687 1560 3761 ἀλλαττούσης
1577 3693 1623 3760 τῆς

863 3775 970 3848 Ἀθηνᾶς
991 3775 1151 3856 προσεδεήθη
1178 3775 1242 3857 πρὸς
1267 3777 1296 3836 ab
1319 3775 1356 3854 μή
1383 3778 1530 3856 γνωσθῆναι
1552 3774 1622 3844 ὅστις

863 3862 932 3921 ἐστίν
957 3861 1008 3922 ὑπὸ
1030 3869 1075 3922 τοῦ
1099 3861 1281 3937 Φιλοκτήτου,
1295 3863 1412 3946 καθάπερ
1433 3861 1555 3946 Ὅμηρος
1574 3866 1644 3924 κά-’

863 3949 940 4032 κείνῳ
951 3949 978 4008 δὲ
990 3949 1113 4028 ἑπόμενος
1124 3953 1265 4034 Εὐριπίδης
1278 3952 1409 4025 θποίησεν·
1419 3951 1488 4012 ὥστε
1495 3951 1574 4031 τυχὸν
1592 3951 1623 4012 ἄν

862 4063 900 4106 τις
918 4037 1057 4116 ἐγκαλέσαι
1068 4043 1120 4098 τῶν
1133 4043 1161 4099 οὗ
1173 4041 1314 4123 ριλούντων
1333 4041 1376 4102 τθν
1396 4041 1486 4123 ἄνδρα,
1499 4039 1539 4099 ὅτι
1551 4037 1623 4099 οὐδὲν

863 4128 932 4206 αὐτῷ
949 4125 1091 4204 ἐμελησεν,
1110 4127 1179 4196 ὅπως
1194 4129 1300 4198 πιθανὸς
1318 4128 1392 4190 ἔσται
1413 4126 1582 4195 θ’θδυσσεθς
1595 4131 1623 4188 ού

862 4213 1068 4293 γιγνωσκόμενος
1077 4217 1126 4275 ὑπὸ
1135 4223 1181 4276 τοῦ
1194 4218 1369 4290 Φιλοκτήτου.
1377 4217 1460 4297 Ἔχει
1473 4218 1495 4276 δ’
1512 4216 1543 4277 δν
1554 4220 1624 4276 ἀπο-

862 4302 963 4380 λογίαν,
973 4307 1008 4370 ὡς
1021 4309 1145 4382 ἡγοῦμαι,
1157 4305 1220 4386 πρὸς
1232 4305 1277 4366 τὸν
1289 4311 1412 4366 τοιοῦτον·
1423 4304 1492 4384 ipio
1504 4305 1554 4387 γθιρ
1562 4303 1626 4386 χρύ-

866 4471 918 4517 tom
938 4471 963 4518 et
981 4468 1111 4531 callidum,
1124 4473 1152 4522 nt
1166 4473 1219 4521 tom
1237 4476 1305 4522 erant
1318 4473 1441 4534 homiues,
1461 4471 1503 4522 sed
1518 4471 1625 4528 manime

865 4539 969 4588 alienum
983 4537 1013 4588 ab
1023 4553 1107 4589 eorum
1119 4541 1162 4604 qui
1175 4555 1240 4591 nunc
1250 4545 1308 4592 sunt
1321 4542 1412 4592 malitia
1423 4544 1448 4592 et
1457 4542 1623 4606 improbitater

865 4608 925 4658 adeo
945 4611 972 4657 ut
990 4623 1073 4660 revera
1087 4611 1159 4661 homo
1175 4612 1290 4676 antiquus
1307 4627 1361 4662 esse
1374 4613 1484 4663 rideatur
1503 4627 1558 4664 curn
1575 4617 1623 4667 illis

865 4681 1018 4742 comparatus
1031 4681 1072 4744 qui
1091 4681 1162 4733 hodie
1182 4683 1303 4746 simplices
1320 4686 1345 4734 et
1360 4683 1506 4746 magnanimi
1520 4697 1573 4736 esse
1583 4699 1622 4736 uo

865 4749 926 4798 luni.
944 4756 1023 4812 Quare
1044 4751 1144 4803 minime
1164 4753 1285 4816 indigebat
1298 4755 1407 4804 Minerua
1422 4754 1523 4804 lormatn
1546 4755 1623 4820 ipsius

865 4823 986 4882 mohnte,
1001 4837 1049 4886 qno
1061 4838 1109 4873 non
1121 4829 1290 4888 agnosceretur
1300 4839 1315 4875 a
1325 4827 1473 4886 Philoctete,
1487 4829 1514 4875 ut
1524 4828 1623 4890 uiridem

864 4893 983 4942 iiomerus
994 4893 1019 4942 et
1031 4895 1073 4956 qui
1085 4908 1140 4944 eum
1152 4898 1260 4959 sequitur
1271 4897 1400 4960 Euripides
1415 4896 1565 4958 seripserunt
1581 4901 1624 4949 :et

108 4935 227 4992 ridebatur
238 4945 339 5010 eschyli
357 4947 495 5000 sublimitas
506 4953 530 5001 et
543 4952 665 5014 ingenium
682 4957 824 5022 antiquum,
864 4963 945 5012 nescio
956 4975 987 5012 an
1000 4976 1084 5014 eornm
1100 4965 1189 5027 quibus
1200 4967 1321 5028 eschylus
1338 4980 1386 5015 nou
1407 4965 1531 5030 probatur,
1545 4968 1623 5019 hocei

84 5009 263 5098 imbumetipm
291 5019 388 5070 libertas
404 5019 428 5067 in
441 5023 568 5074 sententiis
581 5026 606 5074 et
617 5026 768 5090 elocutione,
785 5030 825 5080 de
863 5033 960 5096 quidam
974 5035 1023 5083 sint
1041 5035 1101 5084 vitio
1118 5036 1213 5096 daturi,
1234 5037 1299 5099 qnod
1319 5037 1418 5087 minime
1438 5039 1562 5089 curaverit
1581 5043 1623 5103 qni

84 5083 128 5156 wc
138 5083 270 5145 bagueram
286 5093 429 5170 etretnstos
442 5105 521 5144 mores
535 5095 650 5158 heroum,
665 5100 755 5163 quippe
769 5115 824 5165 qum
864 5105 945 5154 Ulixes
957 5105 1023 5154 credi
1041 5106 1118 5168 possit
1134 5120 1149 5156 a
1163 5106 1295 5156 Philoctete
1306 5121 1354 5158 non
1371 5108 1477 5170 agnosd.
1491 5114 1581 5159 verum
1592 5111 1622 5158 ινι1

87 5143 243 5258 {mimenni
253 5171 296 5208 nec
312 5159 428 5210 insidiose
439 5162 522 5214 ictum
534 5173 579 5216 uec
590 5167 667 5231 lepide
675 5169 767 5222 dictum
778 5187 823 5223 nee
864 5173 981 5236 eiusmodi
994 5187 1106 5226 σειιεοτεσ
1124 5179 1237 5240 prompta
1261 5181 1353 5238 est,ut
1369 5179 1481 5239 arbitror,
1499 5182 1525 5230 et
1542 5183 1622 5243 perata

100 5217 164 5268 imile
173 5225 309 5289 quidquam.
323 5235 384 5280 hom
395 5230 435 5282 illc
445 5233 540 5287 Ulixem
550 5237 647 5288 induxit
660 5241 756 5298 uiridem
767 5255 820 5292 acu·
863 5245 940 5306 poche
956 5243 1081 5294 defensio:
1095 5257 1151 5294 nam
1172 5250 1199 5295 ut
1218 5248 1346 5298 concedam
1365 5247 1494 5300 decennale
1509 5249 1623 5313 temporis
