3752 5792
165 455 202 511 θ’
412 442 701 506 ΠΡΟΜΗΘΕΥΣ.

269 576 298 638 οδ
310 574 361 658 γάρ
372 575 431 636 ποτ’
442 577 508 659 ίρεῖς
517 579 552 648 ὡς
563 577 690 638 nmen·

273 664 347 747 φίλος
358 663 414 724 tusi
426 663 592 747 βεύαιάτερός
600 688 651 727 σοι.

446 771 654 819 ΠΡΟΜΗΘΕΥΣ.

227 839 295 916 Ἔα,
307 841 333 902 τί
344 845 452 924 χρῆμας
464 843 509 902 καὶ
521 866 553 902 συ
566 841 597 914 δή
609 865 696 902 πσνων
706 843 777 922 ἐμῶν

227 928 300 1001 ήκεις
310 929 440 1004 ῖπύστηςς
454 934 510 1000 πῶς
521 929 683 1009 ἐτόλμησας,
693 927 778 990 λιπὼν

173 1035 217 1082 ,θθῠ
235 1016 373 1098 ἐπώνυμόν
384 1042 412 1078 τε
425 1023 510 1102 ῥεῦμα
521 1019 567 1078 καῖ
579 1022 731 1102 πετρηρεφῆ
850 1041 852 1046 ·

231 1104 362 1166 αύτύκτιτ’
375 1105 456 1189 άντρα
463 1153 470 1180 ,
482 1105 529 1179 τήν
541 1105 740 1190 σιδηρομήτορα

227 1193 310 1253 ἐλθεῖν
322 1196 348 1261 ἐς
360 1184 433 1269 elenu
445 1187 463 1268 ἦ
474 1194 613 1277 θεωρήσων
624 1193 705 1276 τύχας

230 1279 296 1360 ἐμάς
307 1279 397 1365 ἀφῖξαι
407 1281 453 1344 καλ
462 1281 633 1365 ξυνασχαλῶν
643 1291 747 1358 κακοῖς

229 1368 328 1453 Δίρκαν
339 1368 442 1449 θίαμα,
453 1369 527 1432 τόνδε
538 1371 582 1431 τδν
594 1371 655 1440 Διδς
666 1371 755 1455 φίλον,

175 1485 216 1524 om
229 1462 274 1525 τδν
285 1463 539 1545 συγκαταστήσαντα
549 1463 597 1538 τήν
609 1465 764 1548 τυραννίδα,

231 1550 298 1622 olas<
310 1551 354 1613 ὑπ’
365 1555 444 1614 αιίτοῢ
458 1562 604 1633 πημοναῖσι
614 1552 782 1635 κάμπτομαι.

477 1657 635 1706 ΩΚΕΔΝΟΣ.

233 1727 324 1810 Ὁριῖι,
338 1731 496 1812 Προμηθεῦ,
508 1728 554 1789 καλ
566 1727 725 1812 παραινέσαι
735 1727 766 1809 pl
777 1749 818 1788 σοι

229 1815 297 1878 θελω
305 1816 341 1877 τά
351 1821 456 1900 λῷστα,
469 1817 565 1900 καίπερ
576 1817 632 1878 ὄντι
643 1818 764 1900 ποικίλῳ.

229 1903 364 1983 Γίγνωσκε
376 1905 471 1966 σαυτδν
482 1905 529 1966 καλ
541 1906 707 1988 μεθάρμοσαι
715 1904 827 1989 τρόπους

177 2011 216 2053 sto
229 1992 313 2061 νίους·
324 1993 381 2064 νίας
391 1994 443 2076 γάρ
452 1993 498 2054 καί
508 1992 635 2077 τύραννος
646 1997 673 2054 ἐν
686 2001 764 2063 θεοῖς.

230 2083 265 2143 El
277 2083 299 2141 δ’
310 2072 362 2141 ὧδε
373 2085 479 2164 τραχεῖς
490 2082 535 2142 καλ
545 2081 717 2163 τεθηγμένους
727 2082 819 2164 λόγους

233 2169 330 2253 ῥίψεις,
343 2169 404 2252 τάχ’
417 2171 449 2231 άν
462 2195 508 2232 σου
520 2170 566 2230 καὶ
578 2171 683 2254 μακράν
696 2171 817 2254 άνωτίρω

229 2263 315 2320 θακῶν
327 2258 402 2322 κλύοι
414 2258 494 2334 Ζεύς,
505 2258 574 2320 ὥστε
587 2284 627 2322 σοι
638 2260 682 2320 τὸν
693 2265 740 2320 νῦν
750 2259 829 2341 χόλον

229 2347 347 2430 παρόντα
360 2348 466 2430 μόχθων
477 2347 584 2408 παιδιάν
597 2340 664 2410 εῖναι
676 2343 771 2410 δοκεῖν.

176 2459 216 2498 trs
230 2425 345 2511 Ἀλλ’,ίύ
358 2436 516 2520 ταλαίπωρ’,
529 2436 639 2519 θςάχεις
651 2435 729 2519 ὀργάς
740 2436 818 2520 άφες,

229 2526 301 2599 ζήτει
314 2523 341 2586 δὲ
352 2526 433 2585 τῶνδε
444 2523 577 2604 πημάτων
589 2525 755 2607 ἀπαλλαγάς.

229 2613 330 2695 Ἀρχαῖ
340 2613 403 2683 ἴσως
415 2637 456 2674 σοι
468 2613 594 2696 φαίνομαι
605 2612 690 2694 λίγειν
700 2613 776 2674 τάδε·

229 2707 337 2763 τοιαῦτα
350 2702 440 2780 μέντοι
451 2707 498 2775 τῆς
510 2701 578 2783 ἄγαν
591 2701 724 2785 ὑψηγόρου

229 2789 363 2870 γλώσσης,
375 2792 533 2871 Προμηθεῖ,
544 2788 687 2871 τάπίχειρα
697 2788 825 2870 γίγνεται.

177 2897 218 2939 tao
232 2876 271 2940 Σύ
283 2879 307 2937 δ’
318 2875 420 2937 οὐδέπω
431 2876 552 2946 ταπεινὸς
567 2877 621 2937 οὐδ’
634 2877 711 2946 είκεις
720 2885 825 2952 κακοῖς,

230 2965 296 3047 πρὸς
306 2974 360 3034 τοῖς
370 2970 484 3047 παροῦσι
496 2965 519 3024 δ’
529 2965 599 3025 ἄλλα
609 2966 770 3047 προσλαθεῖν
782 2963 873 3033 θέλεις.

229 3051 333 3114 Ούκουν
344 3051 434 3132 ἔμοιγε
444 3050 581 3133 χρώμενος
593 3053 744 3136 διδασκάλῳ

230 3141 294 3225 πρὸς
304 3141 400 3223 κέντρα
411 3143 496 3200 κῶλον
509 3143 635 3214 ἐκτενεῖς,
647 3145 714 3224 δρῶν
725 3142 766 3204 ύτι

229 3229 328 3311 τραχύς
339 3228 472 3310 μόναρχος
483 3229 536 3290 οὐδ’
550 3229 690 3298 ὑπεύθυνος
702 3230 801 3312 κρατεῖ.

177 3340 217 3380 ατο
232 3317 287 3379 Καὶ
297 3323 343 3378 νῖιν
357 3317 410 3396 ἐγὼ
420 3317 467 3398 μάν
480 3309 534 3396 ε’ίμι
545 3316 591 3376 καθ
602 3317 764 3400 πειράσομαι

230 3403 276 3465 ἐάν
289 3404 409 3484 δύνωμαι
420 3403 502 3466 τῶνδέ
513 3406 538 3464 σ’
552 3406 662 3464 ἐκλῦσαι
671 3405 772 3466 πόνων·

225 3495 256 3555 σθ
270 3495 292 3554 δ’
305 3492 422 3574 ἡσύχαζε
435 3493 497 3569 μηδ’
509 3491 577 3572 άγαν
588 3491 777 3575 λαύροστάμει.

231 3581 269 3646 Ἢ
282 3584 330 3644 οὐκ
341 3573 406 3642 οἶσθ’
419 3580 535 3664 άκριὸῶς
547 3580 584 3641 ὢν
593 3581 777 3665 περισσόφρων
789 3581 830 3642 ότι

231 3671 339 3754 γλώσσῃ
353 3671 454 3753 ματαίῳ
467 3670 550 3750 ζημία
560 3670 765 3753 προστρίύεται;

458 3776 664 3826 ΠΡΟΜΗΘΕΥΣ.

178 3869 220 3912 stu
235 3852 315 3922 Ζηλιῖι
327 3851 351 3910 τ’
362 3849 476 3911 ὁθούνεκ’
489 3849 562 3918 ἐκτὸς
573 3847 659 3919 αἰτίας
668 3857 769 3934 κυρεῖς,

231 3937 337 3998 πάντων
351 3937 492 4019 μετασχὼν
505 3937 552 3997 καθ
562 3937 731 4017 τετολμηκὼς
743 3935 820 4019 ἐμοί.-

231 4025 286 4086 ilat
297 4029 342 4084 νύν
353 4024 430 4085 άασον
443 4023 511 4103 μηδέ
522 4048 563 4085 σοι
576 4026 727 4103 μελησάτω·

230 4114 335 4182 πάντως
347 4111 398 4196 γάρ
411 4115 441 4175 ού
453 4113 551 4181 πείσεις
563 4137 615 4192 νιν]
628 4115 657 4176 οθ
669 4113 721 4196 γάρ
732 4113 848 4189 εὐπιθής.

232 4201 371 4264 Πάπταινε
384 4203 407 4263 δ’
419 4201 496 4270 αὐτὸς
508 4201 546 4280 μή
556 4225 582 4261 τι
593 4207 735 4286 πημανθῇς
747 4204 808 4286 ὁδῷ.

476 4307 635 4355 ΩΚΕΑΝΟΣ.

178 4401 218 4442 sos
231 4383 330 4462 Πολλῷ
341 4379 365 4458 γ’
378 4378 492 4458 ἀμείνων
503 4379 564 4450 τοὺς
573 4378 656 4448 πάλας
668 4385 775 4462 φρενοῦν
787 4380 848 4465 ἔφυς

231 4467 249 4542 ἢ
264 4467 371 4530 σαυτόν·
384 4467 451 4551 ἔργῳ
463 4470 510 4528 κού
524 4467 594 4550 λόγῳ
604 4468 789 4550 τεκμαίρομαι.

232 4555 403 4638 Ὁρμάιμενον
415 4555 443 4615 δὲ
456 4557 586 4633 μηδαμῶς
597 4557 771 4639 ἀντισπάσῃς.

231 4647 315 4726 Alps»
325 4643 376 4727 γάρ
388 4645 464 4726 αύχῶ
476 4643 553 4716 τήνδε
566 4643 665 4724 δωρεάν
675 4644 734 4722 ἐμοὶ

232 4731 324 4793 δύσειν
337 4734 379 4796 Δί’
385 4779 393 4810 ,
405 4732 473 4794 ὥστε
484 4731 566 4792 τῶνδέ
578 4732 601 4793 α’
614 4733 723 4792 ἐκλῦσαι
733 4732 830 4798 πόνων.

447 4838 652 4885 ΠΡΟΜΗΘΕΥΣ.

179 4931 220 4972 sse
232 4910 277 4972 Τά
288 4909 336 4989 μὲν
349 4909 372 4971 α’
384 4915 484 4972 ἐπαινῶ
493 4911 614 4989 κούδαμῆ
624 4908 695 4982 λήξω
706 4907 785 4969 ποτέ·

233 4997 381 5082 προθυμίας
391 4996 441 5082 γάρ
454 4997 526 5058 οὐδὲν
538 4996 674 5066 ἐλλείπεις.
688 4995 766 5078 Ἀτάρ

234 5084 317 5165 μηδὲν
328 5085 415 5146 πόνει·
429 5087 516 5166 μάτην
527 5085 578 5167 γάρ
591 5085 664 5146 οὐδὲν
676 5087 784 5166 ὠφελῶν

234 5165 294 5253 spii
306 5175 441 5248 πονήσεις,
453 5175 478 5234 εί
487 5198 513 5234 τι
524 5174 570 5234 καλ
581 5179 668 5234 πονεῖν
680 5173 771 5243 θέλεις.

233 5259 304 5322 Ἀλλ’
315 5261 432 5345 ἡσύχαζε
444 5262 539 5323 σαυτὸν
552 5265 669 5322 ἐκποδὼν
675 5261 762 5343 ἔχων·

1224 443 1542 516 PROMETHEUS.

1028 583 1450 652 nouenlmunquamdioesoreauo

1028 673 1133 724 amisum
1143 673 1186 726 tibi
1196 688 1249 728 esse
1258 676 1398 730 firmiorem.

1283 785 1496 833 subauratus.

996 845 1303 912 Ab,quidreiest?etiam
1312 858 1340 904 tu
1349 867 1459 908 meorum
1470 857 1578 910 laborum

997 940 1116 1000 spectator
1126 938 1229 990 venisti?
1237 941 1359 1004 quomodo
1369 944 1504 996 sustinuisti
1515 946 1611 998 deserto

996 1026 1423 1088 cognominellumineettestissaxo

996 1113 1085 1164 nativis
1094 1115 1171 1166 antris
1180 1116 1205 1166 iu
1215 1117 1290 1180 bane,
1300 1117 1355 1169 lerri
1366 1125 1479 1184 matrem,

997 1203 1261 1256 terrsmrenireinum
1272 1211 1424 1270 spectaturus
1433 1214 1523 1260 sortem

996 1303 1074 1340 meam
1083 1292 1206 1344 accessisti
1215 1295 1240 1345 et
1252 1298 1280 1346 ut
1288 1295 1357 1346 malis
1366 1297 1427 1347 meis
1436 1296 1589 1349 condoleres?

984 1403 986 1408 ·
996 1379 1081 1442 ltspioe
1090 1381 1267 1446 spectandum,
1277 1383 1343 1435 buno
1353 1385 1422 1436 ioris
1432 1386 1551 1450 amioum,

997 1467 1162 1531 quibuscum
1171 1482 1201 1520 eo
1210 1472 1361 1534 tyrannidem
1371 1473 1497 1525 substituit
1503 1511 1512 1538 ‚

994 1555 1084 1618 qulbus
1092 1555 1123 1606 sb
1133 1555 1175 1608 illo
1184 1557 1363 1609 calamitatibus
1372 1559 1473 1622 plectar.

1313 1666 1462 1727 ocultius.

994 1731 1087 1794 video,
1097 1733 1257 1799 Promethea,
1266 1737 1291 1784 et
1298 1734 1400 1788 suadere
1408 1736 1452 1786 tibi
1462 1735 1559 1800 quidem

995 1820 1087 1885 optima
1095 1822 1165 1884 roto,
1176 1824 1300 1886 utumque
1308 1821 1360 1886 ipse
1370 1823 1455 1876 sollers
1462 1837 1499 1876 es.

994 1912 1119 1972 cognosse
1128 1913 1154 1961 te
1163 1910 1255 1974 ipsum;
1264 1916 1290 1962 et
1298 1911 1398 1962 mutatis
1407 1913 1456 1964 tuis
1465 1912 1574 1964 moribus
1582 1915 1671 1980 adopta

992 2011 1084 2061 οσσους
1093 2011 1148 2048 nam
1158 2011 1237 2050 novus
1245 1999 1319 2050 etiarn
1328 2004 1439 2064 regnator
1448 2001 1510 2052 iuter
1520 2002 1579 2054 deos
1589 2008 1636 2054 est.

993 2086 1086 2138 sivero
1095 2089 1145 2138 tam
1154 2087 1252 2138 acerbos
1260 2093 1286 2138 et
1294 2089 1416 2140 molestos
1424 2103 1547 2143 sumeres

993 2175 1136 2239 projeceris,
1146 2175 1194 2226 cito
1203 2178 1228 2227 te
1238 2177 1311 2228 etium
1320 2178 1390 2241 longe
1399 2179 1471 2230 altius

994 2263 1081 2314 sedens
1091 2264 1184 2328 Jupiter
1193 2263 1289 2328 audiat,
1302 2269 1330 2316 ut
1338 2266 1382 2317 tibi
1391 2279 1447 2332 ques
1456 2280 1521 2318 nuno
1529 2271 1568 2319 est
1578 2267 1614 2318 irs

994 2365 1101 2416 praesens
1109 2367 1270 2404 erumnarum
1281 2354 1443 2417 osusa,joous
1452 2369 1504 2406 esse
1515 2356 1634 2409 ridentur.

993 2444 1025 2492 st
1035 2477 1042 2504 ‚
1052 2454 1068 2491 o
1077 2441 1157 2504 miser,
1166 2455 1240 2506 quam
1251 2441 1318 2493 iores
1327 2446 1434 2494 menum
1446 2443 1590 2510 iracundie,
1598 2459 1651 2496 esm
1660 2445 1750 2510 ubjlee3
1863 2489 1864 2536 γ

993 2543 1076 2593 quaere
1085 2543 1143 2580 vero
1152 2531 1253 2581 istorum
1263 2531 1380 2582 malorum
1390 2530 1563 2597 depulsionem.

993 2621 1052 2670 llaee
1062 2617 1106 2669 tibi
1116 2619 1217 2670 [σείσειε
1226 2618 1335 2670 obsoleta
1345 2619 1426 2671 dicere
1434 2619 1519 2672 videor
1524 2637 1533 2686 3

996 2707 1050 2758 talia
1059 2709 1141 2758 tamen
1150 2707 1223 2758 nimis
1235 2707 1398 2773 grandiloquus

994 2797 1081 2860 linguae
1087 2833 1095 2859 ‚
1105 2797 1264 2859 Prometheo,
1276 2797 1375 2861 prremia
1383 2795 1506 2848 ersaiuut.

994 2888 1031 2935 Tu
1040 2887 1120 2935 autem
1131 2897 1180 2935 nou
1189 2898 1216 2936 es
1225 2884 1324 2935 humilis
1334 2898 1412 2948 neque
1422 2883 1489 2936 cedis
1497 2885 1580 2952 malis,

994 2973 1038 3024 sed
1046 2973 1093 3040 alis
1103 2972 1134 3023 ad
1142 2973 1271 3037 presentis
1280 2973 1319 3024 ris
1329 2972 1467 3037 adjungere.

995 3064 1048 3112 Non
1056 3061 1138 3125 igitur,
1148 3074 1188 3112 me
1196 3061 1295 3126 quidem
1304 3061 1420 3124 magistro
1431 3061 1452 3112 si
1461 3061 1551 3126 uteris,

994 3153 1077 3200 oenus
1085 3149 1213 3200 stimulum
1222 3149 1308 3214 pedem
1319 3148 1550 3221 protendes,quum
1561 3150 1681 3214 intelligas
1863 3201 1864 3222 γ

995 3236 1781 3292 inclementemmonarchamueorationibusraddeudtsobnonium
1863 3247 1864 3284 1

995 3329 1026 3378 Et
1036 3326 1207 3391 nuncquidem
1215 3325 1338 3377 diseedam
1347 3331 1372 3376 et
1380 3327 1493 3392 tentabo,
1664 3327 1781 3393 implere.

996 3415 1018 3466 si
1027 3418 1126 3478 potero,
1136 3413 1175 3464 bis
1185 3419 1209 3465 te
1217 3413 1341 3464 laboribus
1348 3414 1449 3465 liberare
1461 3429 1469 3465 τ

994 3505 1022 3555 tn
1032 3516 1089 3554 sero
1097 3502 1195 3567 quiesse
1204 3515 1266 3554 neve
1274 3501 1346 3553 nimis
1355 3501 1486 3570 procaciter
1494 3501 1600 3568 loquere.
1721 3506 1782 3571 [est,

994 3599 1032 3644 Au
1041 3606 1091 3644 non
1099 3596 1210 3644 securate
1221 3591 1283 3654 seis,
1294 3606 1371 3656 quum
1389 3591 1424 3643 sis
1434 3592 1510 3656 ineps
1522 3593 1617 3658 sapiens
1629 3607 1703 3659 quam
1720 3597 1782 3646 satis

995 3682 1083 3745 linguae
1093 3681 1227 3732 emeratis
1234 3693 1319 3745 ponas
1331 3679 1446 3736 eveniret

1279 3788 1494 3832 subauratus

994 3859 1096 3909 Beatam
1107 3855 1256 3922 tepraedioo,
1264 3857 1331 3921 quod
1340 3862 1408 3909 extra
1417 3858 1512 3920 eulpam
1522 3871 1619 3922 manes,

994 3949 1037 4011 qni
1046 3959 1096 3996 uns
1104 3946 1184 3997 omnis
1194 3945 1320 4010 suscepisti
1329 3949 1354 3996 et
1363 3958 1458 3997 meeum
1467 3959 1592 4011 aususss;
1704 3947 1780 4012 [ἄπες

995 4039 1020 4088 et
1031 4049 1095 4086 nuuc
1106 4035 1209 4098 desiste,
1219 4034 1363 4099 noqueillod
1371 4034 1415 4085 tibi
1424 4047 1488 4086 ουτω
1496 4035 1565 4086 sltut
1573 4034 1611 4087 od
1616 4039 1704 4087 iovem
1715 4051 1780 4089 στσσ·

995 4125 1093 4177 omnino
1101 4125 1166 4177 enim
1175 4124 1210 4174 illi
1221 4137 1268 4174 non
1277 4123 1446 4188 persuadebis3
1457 4137 1514 4174 nam
1523 4139 1572 4176 uon
1581 4129 1619 4175 est
1628 4127 1764 4178 exorabilis.

995 4213 1159 4278 circumspice
1168 4226 1225 4264 vero
1234 4217 1261 4262 tu
1270 4213 1322 4277 ipse
1327 4249 1336 4278 ,
1345 4226 1375 4264 ue
1384 4212 1443 4280 quid
1452 4213 1508 4262 mali
1517 4213 1598 4278 capias
1607 4227 1637 4264 ex
1647 4215 1740 4267 itinere.

1316 4320 1463 4364 OCEANUS.

995 4391 1071 4443 llulto
1080 4389 1165 4440 melior
1173 4389 1281 4453 proiseto
1289 4401 1316 4440 es
1325 4390 1368 4454 qui
1376 4389 1430 4440 aliis
1439 4389 1552 4442 consulas

995 4491 1067 4542 quam
1076 4477 1530 4542 tibi,idqueentaeto‚nouexuerbis
1540 4478 1656 4541 intelligo.
1676 4523 1678 4527 .

996 4566 1043 4618 Sed
1054 4571 1081 4616 tu
1090 4565 1138 4617 noli
1148 4579 1187 4616 me
1196 4570 1363 4631 properantem
1373 4566 1422 4616 ullo
1431 4565 1503 4617 ruodo
1512 4566 1633 4618 retrabere
1644 4581 1652 4627 ς

994 4655 1082 4718 glorior
1089 4654 1168 4716 enlm,
1178 4655 1266 4718 glorior
1275 4655 1388 4705 bos'mibi
1395 4667 1484 4706 munus

994 4747 1080 4794 iovem
1089 4743 1201 4794 daturum
1210 4755 1263 4794 esse
1269 4779 1277 4806 ,
1288 4747 1315 4794 ut
1323 4758 1354 4794 ex
1363 4743 1402 4794 bis
1410 4743 1526 4796 mrumuis
1536 4749 1560 4794 te
1569 4743 1663 4794 liberet.

1281 4851 1497 4895 substerneris.

994 4924 1030 4970 lix
1040 4925 1106 4984 perte
1114 4917 1213 4983 quidem
1220 4924 1245 4970 te
1253 4919 1325 4970 laudo
1333 4933 1411 4984 neque
1420 4933 1527 4985 unquam
1537 4917 1646 4970 desinam
1656 4918 1780 4976 laudares

994 5010 1094 5072 promtu
1104 5009 1168 5059 enim
1179 5008 1311 5058 voluntatis
1322 5007 1347 5057 in
1356 5010 1381 5058 ie
1391 5008 1451 5058 nibil
1460 5007 1571 5058 desidero
1582 5024 1591 5072 ς
1602 5010 1769 5060 verumtamen

992 5097 1053 5147 nibil
1064 5097 1170 5158 eoueris;
1181 5095 1268 5147 lrustra
1278 5096 1353 5159 enirn,
1363 5096 1423 5146 nibil
1435 5095 1576 5159 proluturus

995 5185 1066 5247 builli,
1077 5184 1210 5247 laborabis,
1222 5183 1317 5234 etiamsi
1327 5183 1386 5247 quid
1397 5183 1506 5235 laborare
1515 5183 1608 5248 σαρίσας

995 5273 1036 5324 sed
1048 5274 1146 5336 quiesce
1157 5275 1183 5323 et
1193 5277 1217 5323 te
1229 5271 1286 5322 binc
1297 5276 1406 5323 amotum
1417 5271 1488 5322 habe.
