3680 5790
189 417 244 470 „,
735 395 944 460 sornocats
964 393 1218 461 morsura,

186 535 316 598 omnium
342 537 379 596 sit
403 535 601 616 antiquissima
624 531 772 606 namatio,
798 551 855 612 qua
885 535 949 592 Me·
1005 530 1106 592 bribus
1120 531 1150 590 in
1161 530 1237 590 illins
1249 530 1389 589 honorem
1403 527 1543 588 institutis
1553 526 1586 586 in
1601 540 1694 588 omne
1708 539 1771 586 tcm-
1833 547 1834 572 1

186 625 248 686 deae
259 624 387 686 lacinore
398 625 488 684 Pelias
507 625 676 682 interemtus
693 633 878 680 memoratur.
895 625 950 678 At·
1006 641 1061 702 pus
1070 621 1240 680 honoratur.

188 715 253 794 tigit
268 715 347 774 illam
367 713 509 773 Pindarus
525 716 574 786 tv,
590 719 655 788 αις.
675 710 795 770 Ovidius
815 722 909 768 atatem
923 720 954 767 et
1046 711 1158 772 chorus
1181 709 1364 769 Rhirotnmoe
1385 718 1472 780 sunt,
1495 705 1609 765 Medeae
1631 705 1770 780 comites,

187 804 341 864 Pausanias
355 805 455 882 (vlit,
473 822 504 860 ar
519 847 527 874 ,
545 799 706 880 aa)dolutn
721 799 750 858 in
773 819 808 858 eo
825 799 951 878 positum
1007 811 1161 879 presentes
1186 797 1273 858 rebus
1296 795 1411 876 magieis
1437 795 1644 874 transigendis.
1674 798 1772 874 Meque

188 903 322 964 namant,
342 902 375 949 ut
397 888 499 949 Medea
520 887 618 947 odium
638 908 703 948 cum
723 887 826 947 marito
851 887 952 946 falsum
1006 889 1081 949 enim
1096 886 1236 948 credibile
1247 898 1320 946 esta
1341 886 1432 945 chero
1446 885 1552 946 herhas
1573 897 1672 944 sectas
1696 905 1773 962 esse,
1834 901 1835 980 ρ

186 979 369 1038 simulaverit
391 979 574 1056 supplexque
598 976 636 1034 ad
662 977 767 1036 Peliam
792 976 954 1054 confugerit
1007 979 1037 1038 id
1057 978 1136 1057 qnod
1159 989 1280 1056 apparet
1302 977 1463 1054 fragmento
1484 975 1564 1054 apud
1586 973 1776 1033 Macrobium
1834 1049 1835 1062 ,

187 1065 313 1143 ideoque
327 1065 454 1126 Peliadas
469 1065 679 1140 induxerit,ut
692 1065 778 1124 fidem
790 1065 845 1124 sibi
860 1064 953 1124 habc—
1006 1071 1121 1126 Satura.
1136 1069 1172 1138 V,
1189 1063 1548 1142 19:·soph0ctisaurem
1562 1063 1713 1142 tragedia
1728 1064 1777 1138 id,
1834 1069 1835 1146 l

189 1166 272 1228 rent,
287 1154 434 1214 Diodorus
450 1153 580 1214 Medeam
595 1165 729 1231 tanquam
748 1153 847 1212 Dianae
858 1173 954 1212 saeer-
1007 1155 1043 1213 de
1056 1173 1114 1232 quo
1127 1153 1300 1232 quaerimus,
1315 1153 1401 1212 etiam
1417 1153 1501 1210 titulo
1514 1153 1647 1230 praefert.
1665 1153 1776 1212 inseri·
1834 1155 1835 1158 ’

189 1241 289 1300 dotem
305 1241 334 1302 in
358 1242 479 1302 domum
499 1242 586 1301 Peliae
611 1241 727 1302 missam
751 1253 870 1316 narrat,
884 1241 953 1300 dum
1007 1242 1085 1302 bitur
1098 1242 1174 1302 enirn
1188 1239 1354 1319 Ῥιζοτόμοι,
1368 1242 1399 1300 in
1415 1260 1472 1320 qua
1487 1241 1620 1299 Medeam
1635 1241 1780 1300 describit

189 1334 273 1389 Iason
286 1350 380 1410 prope
387 1333 496 1390 Iolcum
512 1349 573 1390 sese
586 1329 955 1408 occuluerit.Apoll0dorus
1008 1331 1147 1390 maleficas
1160 1329 1266 1390 herbas
1287 1342 1448 1401 secantem,
1461 1329 1511 1389 sed
1525 1349 1677 1404 aversam,
1699 1350 1737 1390 ne
1751 1331 1780 1388 vi

189 1429 287 1477 autem
299 1418 389 1478 tradit
400 1423 530 1478 Iasorum
545 1419 574 1476 in
583 1419 723 1478 Isthmum
736 1418 910 1497 profectum,
924 1431 955 1477 ut
1008 1421 1088 1480 noxii
1100 1419 1200 1480 odoris
1217 1421 1279 1499 ipsa
1295 1421 1522 1493 interficeretur,
1540 1432 1570 1478 et
1583 1441 1693 1480 succos
1709 1422 1780 1500 qui·

190 1509 329 1583 Neptuno
342 1512 419 1584 Argo
434 1525 533 1566 navem
548 1517 748 1581 consecraret,
761 1505 830 1565 dum
853 1505 955 1566 Medea
1007 1509 1073 1568 dem
1091 1507 1247 1568 herbarum
1269 1509 1298 1568 in
1320 1508 1409 1569 cados
1432 1529 1526 1570 aeneos
1549 1509 1781 1584 refundentem,

190 1593 221 1652 in
232 1593 319 1654 Peliae
342 1593 460 1653 domum
482 1594 662 1664 mitteretur,
682 1593 712 1653 id
731 1593 811 1674 quod
829 1594 954 1654 alienum
1007 1599 1085 1678 ipsas
1098 1609 1194 1656 autern
1215 1596 1320 1657 herbas
1334 1598 1420 1657 reneis
1439 1598 1560 1658 falcibus
1573 1613 1778 1658 exserentem.

190 1694 261 1742 esta
275 1683 418 1762 tragoedia.
434 1682 586 1761 Quidquid
596 1695 691 1742 autem
705 1695 816 1743 veteres
828 1683 954 1762 scripto-
1008 1685 1163 1766 Sophoclis
1174 1703 1274 1744 versus
1286 1684 1317 1743 hi
1331 1697 1414 1743 siant:
1835 1683 1836 1688 ’

191 1789 236 1828 res
251 1770 431 1849 discrepant,
446 1790 547 1831 omnes
562 1771 697 1830 tamenin
711 1791 746 1832 eo
762 1772 954 1844 consentiunt,

191 1857 322 1917 Medeam
336 1859 420 1917 initio
431 1859 547 1918 arietem
557 1859 705 1932 occidisse,
718 1879 777 1938 quo
787 1860 845 1918 rim
860 1857 953 1917 medi·

191 1948 336 2007 caminum
342 1947 464 2027 juvenes
474 1949 642 2008 reddentem
653 1949 828 2022 ostenderet,
838 1961 867 2008 et
875 1948 955 2007 testis
1139 1927 1211 1994 llll*
1232 1927 1374 2021 ἅθγῑνέφῆ
1394 1922 1550 2007 ‘mimia
1567 1939 1673 2022 Τῦμῆς

192 2047 235 2093 est
259 2036 485 2114 Agatharchides
515 2037 640 2096 fabulam
668 2037 698 2096 in
727 2041 803 2097 hunc
835 2036 954 2097 modum
1138 2042 1295 2134 γαλχὲοισι
1308 2032 1417 2123 κάδοις
1435 2033 1571 2136 δέχεται,

192 2132 382 2210 compositam
407 2151 424 2190 a
451 2132 566 2210 tragicis
592 2133 686 2211 poetis
709 2147 854 2213 receptam
886 2153 956 2194 esse.
1009 2117 1221 2246 Emuqoims,

192 2218 291 2278 Finem
307 2219 455 2298 tragoedias
470 2221 634 2280 Welclerus
650 2222 758 2302 Hygini
773 2224 870 2283 verbis
886 2244 957 2284 eon·
1464 2281 1471 2300 ,
1511 2280 1518 2302 ,
1691 2283 1701 2308 ,

192 2308 280 2368 tineri
293 2323 399 2369 censet.
414 2316 472 2369 «Ar
488 2315 582 2386 lason,
595 2311 706 2390 inquit,
727 2313 809 2392 signo
822 2335 839 2373 a
853 2315 957 2374 Medea
1432 2285 1472 2345 A‘
1488 2269 1523 2346 δὲ
1537 2286 1706 2351 ‘mm‘

194 2412 314 2476 accepto
330 2398 409 2478 regia
424 2411 467 2458 cst
480 2399 589 2480 potitus
603 2406 766 2480 aeasteqne
785 2401 871 2462 Peliae
883 2404 957 2479 lilio,
1141 2390 1244 2458 κίσται
1262 2384 1346 2486 ῥιζῶν
1364 2395 1532 2488 κρύπτουσι
1549 2395 1664 2488 τομὰς,

193 2485 276 2544 l'ratri
301 2486 463 2562 Peliadum,
491 2487 572 2565 qued
594 2508 693 2548 secum
725 2489 848 2550 Colchos
870 2496 957 2566 ierat,
1140 2497 1249 2584 ἂςρδε
1267 2506 1360 2592 βοῶσι
1377 2503 1583 2588 ἀλαλαζωένη

192 2593 312 2652 regnum
325 2588 478 2654 paternum
489 2575 699 2658 tradidit5ipse
711 2599 777 2638 curn
790 2581 890 2640 Medea
903 2585 958 2641 Co-
1346 2623 1356 2648 t
1422 2625 1435 2646 a
1512 2573 1519 2601 ⁸
1582 2625 1592 2646 .

192 2661 322 2721 rinthum
333 2665 481 2742 proiectus
488 2677 542 2727 est.
554 2667 699 2726 uhefaees
710 2667 834 2728 Diodori
844 2670 958 2749 egregie
1141 2625 1238 2714 γυμνὴ
1259 2627 1399 2715 halwil
1416 2650 1481 2716 ημα
1495 2617 1670 2716 &imm
1692 2647 1715 2686 ῃ

191 2749 277 2808 docet
288 2750 434 2829 tragoediae
449 2757 613 2828 convenire,
625 2754 743 2832 quando
756 2756 829 2816 eaede
842 2770 958 2836 peraeta
1010 2751 1145 2830 (aversa
1157 2777 1189 2832 a,
1202 2758 1297 2837 inquit
1308 2759 1471 2821 Lobeclrius
1482 2761 1617 2843 (Paralip.
1627 2767 1654 2836 1,
1674 2785 1708 2842 p.
1726 2765 1787 2845 50),

192 2831 291 2896 Medea
303 2839 334 2896 in
347 2853 451 2899 tectum
466 2860 497 2900 se
509 2861 575 2900 cum
591 2843 676 2903 Pelias
695 2845 808 2904 filiabus
822 2846 956 2905 contule·
1009 2846 1105 2907 verbis
1117 2847 1181 2908 ὀπὸν
1196 2852 1321 2932 ἀργινερῆ
1335 2853 1488 2932 significari
1501 2855 1615 2914 videtur
1631 2857 1787 2918 faeculenti

192 2925 250 2999 rit,
263 2939 295 2984 ut
316 2929 452 3006 precibus
474 2932 574 2992 Dianae
588 2933 793 3012 supplicarent.
815 2937 891 2994 Pelia
917 2936 959 2995 lu·
1010 2936 1166 3013 quiddam,
1179 2938 1257 3017 quod
1269 2940 1467 3020 Hippocratici
1478 2943 1591 3024 ὁμίχλας
1606 2945 1715 3006 dicere
1733 2968 1786 3007 so·

193 3033 262 3071 nere
277 3016 429 3090 magnifico
444 3017 520 3076 elato
539 3019 669 3080 Peliadas
683 3023 844 3101 emigrasse.
1010 3027 1079 3099 lent,
1088 3029 1183 3088 Latini
1194 3030 1360 3092 nubeculas.
1375 3033 1404 3112 ι)
1416 3033 1610 3094 Choroverba
1623 3036 1786 3098 tribuenth

233 3103 306 3172 Quae
319 3103 459 3180 exposui,
480 3107 648 3183 praeclarum
674 3108 711 3167 ad
729 3110 956 3189 componendam
1010 3129 1094 3188 sunt,
1115 3117 1197 3195 eujus
1226 3133 1293 3178 sunt
1316 3140 1417 3180 versus
1446 3122 1522 3202 apud
1555 3123 1648 3183 schol.
1683 3129 1785 3206 Apofl.

193 3188 362 3266 tragaediam
383 3206 583 3270 argumentum
596 3195 745 3256 exhibent.
763 3200 854 3256 Pelias
868 3201 957 3258 exitio
1009 3203 1102 3263 ntiod.
1118 3209 1176 3277 111,
1195 3206 1268 3264 1213
1283 3208 1366 3268 relati
1380 3207 1464 3269 :'Ou
1479 3207 1507 3269 il
1525 3209 1666 3285 ἡἝκᾶτη
1686 3209 1786 3294 δροΐνι

190 3274 249 3354 jam
266 3277 386 3337 eraculo
403 3277 562 3340 destinatus
574 3303 624 3342 rex
637 3304 695 3343 non
710 3299 752 3344 est
767 3287 914 3363 innocens,
929 3301 958 3347 at
1008 3291 1098 3374 κλάδῳ
1106 3291 1228 3376 eriperet
1240 3295 1283 3355 ael
1299 3296 1423 3380 lpdnauct
1432 3297 1478 3360 ael
1498 3301 1638 3382 Σοφοκλῆς
1649 3304 1682 3364 ἐν
1693 3275 1785 3375 Ῥιζο-

191 3363 303 3424 nalidus
317 3367 441 3446 imperio
453 3368 532 3447 quod
544 3370 688 3447 obtinuit;
700 3379 785 3434 Iason
796 3375 883 3438 rebus
897 3397 957 3437 nra·
1007 3380 1099 3460 πόροις
1112 3382 1265 3466 παρεισάγει
1274 3385 1318 3444 τὸν
1329 3386 1408 3470 χορὸν
1424 3386 1553 3465 λέγοντο·

192 3452 256 3530 gnis
277 3454 364 3533 gestis
387 3458 557 3535 praeclarus,
577 3461 674 3520 multis
695 3461 810 3542 injuriis
831 3466 957 3544 acceptis

191 3540 288 3602 adhuc
302 3545 457 3624 innocens,
474 3551 592 3610 oraculo
611 3551 636 3611 is
659 3566 704 3612 est
715 3553 892 3631 destinatus,
906 3557 956 3635 qui
1009 3525 1091 3605 [4²⁴]
1410 3512 1485 3596 llll‘
1500 3523 1639 3601 itenere

191 3631 274 3690 Peliae
284 3651 403 3712 regnum
415 3639 452 3697 sit
462 3637 659 3719 adempturus.
670 3643 705 3702 vi
717 3643 787 3702 nihil
804 3645 879 3704 effici
900 3665 957 3724 po·
1141 3636 1192 3706 καὶ
1210 3649 1268 3732 πῦρ
1285 3641 1378 3734 ἱερὸν,
1399 3653 1454 3722 τῆς
1475 3639 1605 3726 εἰνοδίοις

193 3729 263 3792 test,
278 3721 413 3784 addolus
428 3727 602 3787 ueniendum
624 3743 677 3789 est.
696 3731 844 3792 Hiautem
862 3734 956 3793 minus
1141 3741 1266 3834 Εκάτης
1280 3757 1297 3822 g
1336 3781 1366 3835 ὓς
1395 3769 1440 3824 τῶ
1459 3749 1498 3825 δι’
1516 3745 1583 3826 ὒλυι
1610 3789 1671 3830 πω

191 3812 368 3872 conveniunt
388 3815 742 3896 viro.1taque1uulierin
762 3834 859 3900 partes
878 3823 955 3882 illius
1227 3871 1236 3894 ,
1295 3782 1337 3850 γχ
1370 3807 1379 3842 ’
1425 3825 1448 3896 ‘,
1491 3883 1506 3900 ,
1584 3789 1615 3900 μ,

191 3895 382 3961 substituitur.
393 3907 443 3963 Est
451 3925 520 3964 vero
529 3926 647 3966 summae
658 3910 831 3987 calliditatis,
843 3914 866 3971 si
878 3925 954 3971 atro·
1140 3874 1239 3943 πολλη
1263 3871 1385 3965 iiim
1400 3898 1452 3940 και
1469 3899 1540 3968 m,
1561 3891 1689 3945 ’‘²²⁰⁰‘'

191 3981 235 4042 cia
249 3986 320 4046 velis
333 3991 410 4064 lieri,
421 4012 453 4050 ea
469 4013 521 4071 per
534 3995 607 4055 alios
622 3997 797 4077 transigere,
809 4003 878 4059 dum
894 4001 955 4080 ipse
1141 3980 1220 4074 isphr
1235 3976 1373 4075 rpn'lnne
1380 4039 1390 4072 ο
1407 3995 1666 4080 ῦτῑφανωσαμὲνιι

191 4073 311 4174 ιιιιηὶΙιίΙ
331 4077 425 4136 iacias.
439 4081 541 4140 Medea
561 4097 669 4160 antem,
692 4087 854 4147 Peliadibus
869 4088 955 4147 dece·
1141 4088 1210 4192 δρυῒ
1223 4099 1274 4166 καὶ
1286 4105 1428 4182 πλεκτοῖς
1591 4078 1596 4087 ’

191 4171 265 4238 ptis,
278 4181 342 4239 quae
356 4177 467 4243 patrem
485 4170 554 4248 ipsae
566 4193 649 4232 suum
666 4175 855 4246 interficiunt,
868 4178 956 4238 ultio-

190 4267 256 4306 nem
271 4249 373 4311 timcns
388 4273 476 4314 curru
495 4259 571 4318 alato
590 4262 668 4333 abit;
686 4277 716 4322 at
738 4263 831 4325 Pelias
848 4267 956 4344 majore

189 4336 296 4415 injuria
309 4353 429 4421 accepta
449 4364 535 4421 quam
556 4347 618 4425 ipse
637 4351 756 4424 fecerat,
776 4352 851 4412 ludis
869 4354 953 4414 fune·
1008 4355 1085 4437 (V.3
1106 4355 1245 4416 llobraeus
1261 4360 1380 4437 conjicit
1401 4359 1492 4442 ἔγχος,
1521 4363 1552 4424 τὸ
1573 4365 1606 4424 δι’
1627 4366 1776 4446 Οὐλύμπου

190 4477 1776 4526 Ἢ,-

1007 1814 1090 1898 [tra]
1138 1799 1167 1881 ll
1185 1802 1214 1878 δ’
1229 1804 1359 1890 ἐξοπίσω
1374 1814 1460 1906 χερὸς
1475 1812 1561 1906 ὅρμα
1575 1807 1729 1906 rpinnun'

1140 4220 1229 4307 ὡρῶν
1246 4217 1396 4310 σπείραισι
1408 4211 1597 4313 δρακόντων.

539 4581 604 4633 aaa.
975 4581 982 4724 ρ
1356 4596 1419 4647 aaa.

258 4693 311 4752 Illa
320 4710 384 4754 vero
397 4706 471 4756 retro
483 4716 499 4757 a
511 4715 594 4758 manu
606 4701 717 4760 oculum
731 4713 855 4763 avertens

258 4790 371 4869 succum
381 4777 530 4838 candidum
543 4791 682 4842 exsectum
691 4782 869 4846 distillantem

259 4869 342 4912 aneta
355 4857 427 4916 rasis
440 4859 550 4934 accipit.

1445 4738 1492 4796 Sel
1507 4739 1621 4800 domine

1111 4815 1246 4873 etlumen
1259 4831 1379 4887 sacrum,
1393 4818 1582 4879 subterrestris

1111 4897 1223 4952 Hecatae
1235 4895 1335 4965 telum,
1348 4914 1404 4972 quo
1417 4915 1465 4971 per
1479 4901 1629 4977 Olympum

612 4973 809 5033 Tactaeautem
1111 4974 1198 5031 multa
1210 4973 1314 5033 incedit
1328 4985 1356 5034 ct
1368 4985 1478 5050 terram
1492 4997 1576 5041 uram

293 5044 369 5103 cistae
381 5045 504 5105 radicum
519 5054 801 5122 seemmscceulunt,
1110 5071 1187 5114 sacra
1199 5058 1287 5115 trivia.
1302 5067 1432 5118 comnatn

293 5124 436 5196 quashae
448 5125 584 5200 demens,
600 5132 705 5205 ejulans
976 5095 982 5222 l
1110 5139 1394 5210 quercuetconnexis

294 5199 367 5259 nuda
382 5205 466 5262 eneis
479 5205 632 5268 demetebat
643 5209 771 5272 falcibus.
974 5233 980 5332 ρ
1110 5233 1245 5277 mnarum
1260 5215 1412 5279 &acanum
1426 5221 1517 5296 spida.
