3752 5792
213 477 252 527 tv

464 581 732 650 PROlllETllllUS.

251 725 294 784 nd
307 719 511 783 Prometheum
522 715 600 794 quod
613 713 714 772 attinet
726 729 869 790 perpauca
882 707 975 766 habeo
1051 756 1055 766 .

211 835 276 893 quae
302 813 404 870 dicam.
425 813 530 864 Versus
546 803 583 862 50
600 801 754 860 offensioni
769 801 822 858 luit
840 799 908 856 viris
922 797 975 855 do-

213 907 275 962 ctis.
298 901 394 961 Schol.
417 897 543 975 explicat
563 892 682 974 ἐπράχθη
704 889 826 947 vocibus
849 886 974 969 ὥρισται,

211 989 369 1050 τετάπιιται.
393 994 492 1062 ltaque
512 982 623 1062 ἐκράνθη
646 998 745 1038 verum
764 979 874 1055 putavi,
896 975 975 1052 quod

212 1092 337 1157 posteaa
350 1074 477 1152 Reisigio
491 1070 651 1147 conjectum
665 1087 726 1124 esse
738 1066 870 1142 cognovi.
883 1063 976 1122 Selia»

213 1169 290 1224 serus
308 1163 427 1241 iu'dpp.
440 1159 476 1218 ad
491 1165 574 1218 Deru.
587 1163 612 1230 1,
627 1177 655 1234 p.
669 1155 726 1227 876
739 1155 852 1232 scripsit
866 1151 974 1230 ἐτάχθη.

212 1254 268 1313 Sed
281 1267 357 1310 recte
368 1249 497 1332 ἐπράχθη.
512 1245 659 1306 Sententia
671 1259 715 1303 est
728 1269 734 1302 :
749 1245 846 1302 omnia
859 1243 888 1298 in
905 1241 976 1298 deo-

214 1364 276 1401 rum
293 1343 445 1400 utilitatem
459 1339 561 1396 eslecta
580 1348 609 1393 et
625 1347 723 1412 parata
744 1345 827 1406 sunt;
840 1331 906 1388 lovi
921 1350 974 1408 pa-

213 1445 276 1490 rent
293 1432 331 1488 dii
347 1443 380 1488 ut
399 1426 504 1506 quibus
525 1423 679 1502 imperium
698 1443 755 1480 non
777 1420 907 1497 contigit.
932 1425 976 1477 De

212 1520 324 1602 πράσσω
339 1518 374 1576 cl.
390 1523 472 1575 Eum.
492 1535 545 1572 aaa
559 1527 587 1570 et
602 1512 668 1587 928.

254 1611 300 1680 76.
310 1605 814 1680 Pedicaeintelligunturquaecarnem
827 1609 977 1677 penetrant

128 1733 131 1742 =
213 1717 272 1776 quo
281 1697 386 1754 arctius
398 1693 499 1772 pedem
513 1691 718 1765 constringant.

129 1779 132 1784 ¹
255 1785 310 1842 235
325 1783 389 1840 cod.
403 1781 481 1840 Med.
498 1776 550 1857 ἐγὼ
561 1778 587 1836 δὲ
602 1776 713 1852 τολμησ’
727 1774 762 1844 ἐξ.
774 1772 977 1832 Valckenarius

214 1870 265 1950 ἐγὼ
278 1873 299 1930 δ’
313 1869 437 1946 ἐτολμησ’
452 1867 486 1936 ἐξ.
501 1867 667 1926 Deteriorcs
681 1865 794 1921 codices
807 1860 857 1940 ἐγὼ
870 1859 897 1920 δὲ
914 1863 975 1918 τολ-

216 1965 266 2036 pige
278 1961 322 2017 vel
336 1955 387 2036 ἐγὼ
404 1956 428 2014 δ’
442 1961 456 2014 ὁ
468 1959 577 2033 τολμῆς,
591 1973 655 2032 quae
670 1955 820 2011 manifesto
837 1951 978 2008 correctio

213 2063 266 2108 cst.

256 2141 312 2197 313
328 2149 395 2196 surrt
406 2137 455 2214 qui
470 2131 548 2214 χολον
564 2132 738 2210 improbent,
752 2132 799 2188 cui
813 2128 891 2208 ὄχλον
907 2127 978 2184 sub-

217 2232 346 2288 stituant.
360 2231 449 2285 Recte
465 2223 541 2281 libri.
558 2226 630 2280 Sunt
646 2219 773 2291 labores,
788 2218 893 2295 quibus
906 2221 978 2273 Pro-

217 2317 347 2376 metheus
359 2312 538 2372 enuntiandis
549 2310 692 2368 irascitur.

258 2409 323 2472 aso.
335 2403 426 2462 Valde
443 2402 550 2458 incerta
565 2411 607 2455 est
617 2397 701 2475 liujus
711 2416 808 2455 versus
822 2395 978 2472 scriptura;

216 2491 387 2558 ὑποστενάζει
399 2491 428 2547 iu
442 2487 524 2546 libris
538 2507 622 2544 manu
634 2487 757 2563 scriptis.
769 2485 912 2560 Reisigius
927 2483 979 2540 de-

218 2582 333 2640 fendere
348 2592 466 2636 conatus
477 2589 520 2634 est
531 2576 575 2632 his
587 2573 699 2632 verbis:
712 2572 900 2631 Fundamenti
915 2571 979 2628 loco

217 2670 381 2730 habendum
401 2663 582 2736 ὑποστενάζει,
606 2677 665 2722 ιιιιτι
681 2674 800 2740 propter
822 2661 980 2720 auctorita-

218 2773 275 2816 tem
291 2758 442 2827 librorum,
458 2767 517 2810 turn
534 2752 610 2829 quod
628 2751 664 2808 de
678 2769 765 2828 prosa
781 2750 913 2807 oratioue
925 2767 978 2824 pe-

219 2848 302 2904 titum
334 2857 377 2904 est
401 2841 585 2908 ὑποὸοστάζει.
616 2845 659 2898 Ita
689 2851 784 2896 autem
810 2835 898 2905 σθένος
922 2857 980 2894 non

219 2935 307 2994 lrabct
334 2953 392 3010 quo
414 2932 562 2990 reseratur.
583 2927 669 3002 Quod
689 2940 783 2984 atatem
802 2927 983 2986 Wellanerus

142 3039 145 3046 '
219 3026 326 3100 cogitat
341 3021 377 3078 de
398 3021 503 3098 ligura,
528 3037 612 3096 qnam
627 3015 654 3074 ἓν
673 3015 715 3074 διά
730 3016 800 3074 δυοῖν
816 3015 930 3088 dicunt,
946 3015 981 3072 de

219 3133 254 3171 eo
268 3110 444 3168 multimodis
461 3107 590 3165 fallitur:
606 3106 645 3162 ita
658 3105 733 3161 enim
747 3123 800 3161 nec
820 3100 850 3161 τέ
873 3123 981 3181 ponere

219 3202 285 3259 licet
308 3218 362 3276 pro
374 3195 429 3268 ael,
444 3216 497 3253 nec
511 3193 686 3272 praemittere
706 3190 907 3248 attributivum
925 3211 981 3248 no-

219 3309 284 3346 men
301 3309 308 3343 τ
324 3285 428 3344 deinde
439 3281 515 3363 βάρος
532 3281 685 3340 dicendum
702 3293 764 3338 erat
780 3279 816 3338 de
829 3280 911 3352 coelo,
923 3299 981 3336 non

219 3375 306 3442 σθένος
319 3397 326 3432 ι
342 3386 480 3452 praeterea
497 3391 533 3428 ue
546 3369 715 3447 sicquidem
728 3389 813 3446 quam
827 3369 983 3426 instituerit

220 3465 434 3542 grammaticam
446 3460 602 3518 verborum
617 3468 789 3515 structuram
803 3457 982 3534 intelligitur.

220 3552 375 3629 scripturae
400 3547 591 3627 discrepantia
613 3558 712 3604 notato
734 3546 813 3604 nulla
828 3557 886 3618 est,
905 3564 982 3622 prac-

220 3653 351 3718 terquam
364 3639 444 3718 quod
462 3635 545 3698 Ἄτλοι
557 3635 580 3693 θ’
595 3635 739 3712 reperitur
756 3633 835 3712 apud
856 3634 984 3693 Scholia-

218 3742 301 3788 stam.
325 3732 359 3785 In
383 3748 418 3785 eo
443 3741 539 3786 autem
563 3723 708 3783 vocabolo
735 3723 798 3801 ipsa
819 3723 984 3800 corruptela

218 3818 347 3876 cernitur
355 3814 608 3892 emendandosque
622 3811 776 3890 AEschylus
789 3811 831 3870 sic
842 3824 903 3870 est:

297 3921 437 3988 Ἀτλαντος
450 3919 505 3979 αἰὲν
520 3922 659 4001 ὑπείροχον
669 3918 755 3985 σθένος
768 3917 893 4000 κραταιὸν

299 4009 417 4092 οὐράνιόν
428 4033 458 4068 τε
468 4009 549 4068 πάλον
559 4005 651 4074 νώτοις

361 4099 537 4168 ὑποστενάζει.

220 4216 264 4270 Ita
284 4211 437 4288 Reisigius‚
450 4211 501 4288 qui
514 4209 781 4287 interpretationem
794 4207 897 4268 deinde
911 4216 986 4269 Ger-

221 4301 362 4357 manicam
382 4300 504 4360 addidit.
527 4305 599 4372 Quae
623 4318 714 4375 quum
744 4296 878 4356 subtilius
900 4319 985 4376 quam

221 4389 318 4446 verius
330 4389 474 4466 explicata
489 4388 559 4445 mihi
578 4387 756 4461 viderentur,
777 4407 835 4444 non
856 4385 986 4445 dubitavi

221 4476 363 4534 Dindorlii
375 4491 403 4534 ct
415 4476 528 4534 facilem
541 4489 570 4533 et
582 4477 740 4552 elegantem
755 4476 986 4535 emendationem

221 4565 369 4622 asciscere.

261 4655 329 4724 578.
344 4652 417 4710 Vide
431 4653 587 4710 Hermanni
604 4657 711 4731 Opusc.
733 4655 791 4710 vol.
808 4655 860 4725 IV,
875 4673 903 4729 p.
920 4654 985 4718 33t.

261 4741 316 4812 617
330 4740 409 4817 quod
425 4739 511 4798 hodie
525 4739 628 4816 legitur
642 4749 694 4797 πᾶν
705 4738 755 4819 γὰρ
768 4737 809 4812 ἂν,
828 4760 865 4797 cx
884 4741 985 4816 conje-

222 4840 303 4884 ctura
313 4832 348 4885 Η.
364 4829 500 4906 Stephani
507 4829 668 4905 prolectam
684 4842 743 4899 τοις
757 4849 857 4886 verum
869 4829 986 4887 minime

222 4911 408 4993 rejiciendum
430 4932 473 4975 est
485 4927 537 4976 πᾶν
555 4914 606 4998 γὰρ
621 4907 676 4989 οὖν,
691 4937 727 4974 ex
741 4917 839 4974 codice
856 4917 986 4975 lllediceo

224 5021 383 5065 enotatum.
398 5012 447 5064 Est
461 5007 537 5064 enim
558 5005 621 5062 lene
644 5006 798 5082 imperium
819 5004 865 5063 vel
889 5008 986 5083 potius

225 5097 418 5154 exhortatio:
442 5120 454 5147 τ
476 5097 530 5153 Dic
551 5094 621 5172 quid
643 5095 732 5163 veliS,
759 5113 824 5152 uam
854 5115 912 5151 non
945 5107 987 5152 est

224 5185 302 5262 qturd
317 5185 414 5242 timeas
425 5207 431 5242 :
443 5183 575 5260 exquiras
589 5204 626 5240 ex
639 5204 685 5240 me
698 5183 802 5240 omnia.
819 5209 831 5234 ν
844 5184 887 5242 Cl.
898 5184 985 5260 Soplr.

224 5273 298 5334 ond
312 5279 343 5333 C.
363 5276 409 5347 tl,
430 5273 478 5332 ubi
494 5272 637 5330 immerito
660 5269 690 5329 ἃν
707 5272 910 5350 interpositum
934 5285 985 5330 cst.

885 443 1097 506 PRAEFATIO.

1021 578 1071 637 Est
1095 577 1171 636 enim
1192 591 1292 638 votum
1315 578 1392 638 illins
1412 576 1460 657 qui
1481 577 1610 656 loquitur
1629 587 1660 634 ut
1675 593 1782 634 neore--

1019 686 1103 743 quarn
1118 668 1243 746 populus
1263 667 1439 726 Atheniensis
1461 665 1634 726 Eumenidas
1649 663 1707 722 alio
1726 681 1781 722 no·

1019 773 1096 812 minc
1108 769 1199 813 vocet.

1060 860 1116 913 7¹²
1131 843 1244 902 codices
1260 863 1359 901 omnes
1374 841 1499 920 planiae.
1518 847 1700 901 Hermaunus
1714 837 1782 900 titt

1018 927 1069 1004 ‘gvi’
1083 928 1236 995 ἁλιστόνοις.

1059 1037 1126 1090 770,
1151 1015 1191 1076 ita
1214 1019 1396 1095 interpretes.
1421 1017 1519 1076 Codex
1548 1017 1675 1095 optimus
1698 1013 1783 1088 πλὴν,

1019 1103 1096 1180 quod
1111 1105 1226 1162 minime
1238 1104 1426 1181 rejiciendum
1440 1119 1484 1164 est
1502 1117 1530 1164 et
1545 1105 1667 1164 lortasse
1682 1106 1786 1162 melius

1019 1212 1104 1270 (param
1120 1193 1198 1270 quod
1211 1207 1358 1272 receptum
1374 1208 1426 1252 est.

1060 1301 1113 1356 79¹
1134 1281 1242 1340 lacunae
1256 1284 1369 1360 signum
1385 1295 1427 1340 est
1443 1282 1624 1361 appositnm3
1645 1301 1745 1338 verum
1761 1281 1787 1338 si

1019 1367 1174 1440 ήλιοστιὸεῐς
1190 1391 1242 1448 pro
1260 1371 1351 1428 verbo
1370 1371 1511 1449 accipias,
1535 1389 1570 1428 eo
1593 1368 1785 1448 supersedere

1021 1459 1137 1533 poteris.

1060 1547 1117 1602 880
1132 1559 1198 1603 stant
1210 1548 1260 1624 qui
1272 1545 1369 1626 ἄπυρος
1380 1549 1619 1603 candentissimum
1634 1544 1788 1620 explicent.

1020 1638 1086 1693 Non
1101 1647 1188 1692 recte.
1203 1635 1374 1712 Intelligitur
1389 1636 1466 1692 euim
1478 1635 1610 1692 stimulus
1621 1632 1672 1710 qui
1687 1651 1786 1710 quam·

1021 1741 1106 1798 quam
1116 1723 1178 1780 sine
1187 1723 1253 1800 igne
1266 1737 1318 1796 est,
1329 1736 1424 1780 tamen
1436 1723 1518 1780 ardet
1526 1721 1787 1782 vehementissime.

1064 1811 1137 1868 1013
1153 1813 1239 1886 μεῖζον
1252 1809 1280 1868 ἱιι
1294 1810 1390 1884 codd.;
1402 1817 1474 1887 μεῖον
1489 1809 1655 1888 conjectura
1667 1806 1788 1866 Stanleii

1023 1897 1148 1956 refutata
1164 1899 1200 1957 ab
1214 1900 1388 1958 Wellauero.
1426 1901 1428 1904 ’

1065 1988 1138 2044 1050
1151 1992 1169 2060 ἡ
1180 1987 1254 2045 τοῦδε
1268 1987 1336 2066 τάχη
1355 1988 1512 2058 Dindorlii‚
1526 1987 1556 2045 ni
1567 1987 1667 2062 fallor,
1685 1981 1789 2062 conje-

1021 2086 1103 2132 ctura
1116 2089 1167 2133 est.
1187 2075 1258 2134 Cod.
1271 2077 1348 2134 Med.
1367 2066 1385 2146 ἦ
1406 2075 1475 2135 τοῦδ’
1489 2078 1603 2154 εὐτυχῆ,
1614 2075 1644 2132 ἰιι
1659 2073 1790 2151 margine

1023 2163 1045 2219 sl
1058 2161 1127 2220 τάδ’.
1139 2163 1195 2220 atti
1207 2164 1299 2220 aliter.

1306 2313 1510 2342 ἥθ’-

1198 2399 1349 2461 SEPTEM
1370 2401 1423 2461 AD
1443 2400 1601 2460 THEBAS.

1061 2533 1098 2589 V.
1118 2531 1152 2588 13
1166 2532 1268 2609 copula
1282 2543 1348 2610 post
1359 2529 1430 2612 ὦρον
1443 2532 1523 2592 deest
1535 2534 1565 2592 in
1577 2527 1712 2588 omnibus
1727 2526 1789 2584 lere

1023 2615 1187 2690 codicibns;
1209 2619 1307 2697 itaque
1328 2640 1390 2678 earn
1408 2619 1504 2696 rejeci.
1524 2618 1655 2679 Eteocles
1673 2617 1703 2673 in
1723 2633 1791 2671 ma-

1023 2707 1102 2764 ximo
1118 2710 1218 2784 patriae
1240 2708 1371 2786 periculo
1388 2728 1487 2766 omnes
1502 2709 1538 2768 sd
1557 2727 1637 2766 arma
1651 2701 1791 2780 capienda

1024 2807 1139 2868 evocat,
1159 2795 1244 2852 etiam
1266 2816 1372 2873 pueros
1395 2809 1424 2853 et
1445 2817 1525 2855 senes
1540 2796 1590 2874 qui
1604 2815 1621 2854 a
1634 2793 1718 2851 bellis
1733 2791 1791 2848 alio

1026 2895 1155 2960 tempore
1172 2885 1354 2942 vacationem
1373 2884 1527 2943 habebant.
1547 2891 1691 2944 Juvenum
1712 2879 1791 2938 nulla

1025 2971 1132 3028 mentio
1144 2971 1274 3028 iacienda
1291 2986 1369 3045 erat,
1384 2974 1452 3050 quia
1469 2975 1500 3031 hi
1516 2972 1594 3031 omni
1609 2984 1740 3046 ternpore
1754 2967 1791 3024 ad

1026 3057 1127 3116 urbem
1138 3058 1346 3118 defendendam
1357 3062 1444 3119 armis
1455 3063 1548 3140 parati
1562 3081 1623 3119 esse
1636 3056 1792 3118 debebant.

1024 3153 1125 3226 Itaque
1139 3164 1171 3206 ut
1188 3149 1295 3227 aliquid
1311 3151 1435 3223 diceret,
1450 3172 1508 3230 quo
1522 3150 1612 3227 majus
1631 3148 1792 3226 pericnlum

1026 3237 1126 3316 patriae
1143 3237 1293 3296 imminens
1318 3239 1497 3312 ostenderet,
1517 3239 1639 3317 juvenes
1664 3255 1792 3292 comme-

1026 3344 1139 3382 morare
1152 3326 1258 3384 omisit.
1269 3329 1350 3397 Quos
1362 3327 1384 3384 si
1398 3327 1535 3385 voluisset
1548 3327 1708 3394 nominare,
1719 3341 1792 3399 pro-

1026 3413 1072 3471 cul
1096 3412 1185 3470 dubio
1208 3413 1238 3470 id
1261 3434 1320 3472 non
1338 3415 1459 3472 strictim
1482 3428 1511 3473 et
1532 3414 1628 3473 obiter
1645 3411 1749 3488 copula
1763 3408 1794 3468 τέ

1028 3515 1082 3558 tam
1095 3501 1150 3560 levi
1163 3513 1192 3558 et
1206 3503 1284 3560 tenui
1299 3501 1398 3562 addita
1412 3505 1534 3572 fecisset,
1547 3515 1579 3560 nt
1591 3499 1793 3559 tantummodo
1858 3511 1859 3570 ᾗ

1027 3587 1096 3670 ὥραν
1107 3588 1130 3647 τ’
1144 3587 1228 3668 ἔχονθ’
1238 3588 1348 3649 ἕκαστον
1364 3592 1481 3650 diceret.
1493 3593 1593 3670 ltaque
1605 3587 1675 3670 ὤραν
1688 3587 1792 3644 omissa
1858 3585 1859 3606 ¹

1027 3679 1131 3756 copula
1151 3678 1333 3737 scribendum
1358 3679 1420 3738 suit.
1443 3680 1554 3738 Deinde
1573 3676 1608 3744 ὥς
1630 3700 1656 3736 τι
1678 3676 1792 3735 codices

1027 3770 1140 3848 optimi.
1156 3770 1300 3827 Stanleius
1314 3767 1351 3834 ὥς
1371 3791 1414 3841 τις
1437 3769 1518 3848 quod
1534 3787 1624 3846 quum
1642 3766 1729 3844 paulo
1744 3767 1793 3822 in-

1027 3861 1178 3918 certiorem
1204 3860 1447 3935 comparationem
1471 3859 1565 3932 saciat,
1586 3861 1621 3924 ὡς
1635 3855 1665 3916 τὸ
1686 3855 1793 3934 praefe-

1028 3947 1150 4006 rendum
1169 3947 1314 4025 judicavi,
1333 3947 1352 4005 i.
1373 3965 1398 4007 e.
1417 3949 1652 4023 quemadmodum
1672 3944 1792 4017 officr'rrm
1856 4011 1857 4026 ρ

1028 4043 1237 4112 rmiuscujusque
1252 4050 1294 4093 est
1308 4048 1340 4092 ut
1342 4042 1470 4111 patriam
1484 4033 1627 4110 defendat.

1070 4127 1106 4184 83
1121 4125 1259 4184 sententia
1270 4137 1299 4182 et
1311 4144 1410 4184 versus
1428 4125 1575 4203 postulant
1589 4118 1723 4196 ἑλεδέμοις.
1737 4125 1794 4178 Co-

1030 4215 1107 4272 dices
1122 4212 1269 4290 ἓλεδεμνάς.

1075 4304 1128 4359 125
1144 4316 1297 4361 construe:
1309 4307 1383 4379 γενοῦ
1399 4300 1508 4366 Λύκειος
1523 4302 1601 4366 ἀϋτᾶς
1614 4296 1723 4356 στόνων.
1733 4301 1794 4354 Ιλιι-

1031 4391 1116 4449 bitari
1129 4393 1204 4449 enim
1219 4413 1276 4449 nou
1296 4405 1405 4470 potest,
1418 4393 1488 4469 quin
1502 4389 1580 4454 λύκος
1596 4391 1656 4448 sive
1666 4387 1734 4459 λύκη
1748 4389 1794 4445 vel

1029 4481 1120 4538 simile
1142 4479 1213 4557 quid
1227 4482 1265 4538 sit
1279 4481 1495 4540 laudamentum
1513 4481 1592 4538 vocis
1610 4499 1647 4536 ex
1665 4497 1723 4554 quo
1736 4474 1794 4535 dd-

1029 4591 1097 4634 κειος
1111 4569 1148 4626 sit
1161 4568 1316 4627 derivatus.
1329 4568 1416 4641 Quod
1425 4569 1448 4626 si
1462 4579 1513 4637 est,
1530 4565 1638 4632 Λύκειος
1654 4565 1793 4642 siguilicat

1030 4656 1139 4734 aliquid
1157 4657 1235 4734 quod
1258 4657 1405 4716 allinitatis
1421 4656 1530 4734 aliquid
1545 4655 1649 4713 lrabeat
1666 4673 1732 4712 cum
1748 4675 1794 4712 ra-

1030 4743 1084 4801 diis
1101 4743 1176 4802 solis.
1192 4744 1255 4803 Vid.
1271 4750 1365 4803 Duuc.
1380 4750 1448 4804 Lex.
1463 4749 1548 4802 Hom.
1561 4743 1643 4801 Pind.
1655 4763 1683 4802 v.
1699 4739 1793 4806 Λύκος.

1855 4305 1857 4414 l

1074 4833 1124 4887 161
1152 4832 1265 4890 codices
1292 4832 1374 4898 τελος.
1396 4833 1423 4890 ἐν
1447 4829 1561 4910 μάχαισί
1585 4853 1622 4890 τι.
1651 4829 1793 4887 Dindorlit
1854 4829 1855 4840 ¹

1030 4918 1194 4995 conjectura
1209 4931 1252 4978 est
1267 4921 1293 4978 ἐν
1309 4918 1415 4999 μάχαις·
1429 4918 1460 4977 σύ
1472 4943 1510 4993 τε,
1522 4939 1585 4996 quae
1595 4919 1714 4976 sortasse
1729 4939 1793 4995 pro·
1854 4915 1855 4980 l

1030 5007 1095 5084 pius
1112 5006 1229 5064 accedat
1248 5006 1284 5064 ad
1299 5007 1402 5064 ductus
1420 5008 1567 5065 literarum
1581 5025 1644 5082 quae
1658 5019 1725 5062 sunt
1742 5027 1793 5064 co·
1854 5055 1855 5075 ς

1008 5116 1010 5173 ρ
1030 5095 1140 5166 dicum,
1155 5096 1178 5153 si
1201 5095 1345 5153 scribatur
1365 5108 1398 5153 nt
1418 5096 1545 5172 scripsi:
1565 5094 1591 5151 ἐν
1609 5093 1698 5174 μάχη·
1711 5091 1744 5152 τά
1755 5117 1785 5153 τε

1030 5189 1192 5242 Pronomen
1209 5181 1241 5242 σύ
1257 5187 1334 5242 enim
1346 5185 1536 5244 necessarium
1548 5195 1608 5240 est:
1621 5203 1686 5240 nam
1695 5203 1795 5241 omnes

1029 5273 1148 5331 deornm
1161 5273 1357 5332 invocationes
1369 5273 1407 5333 ab
1421 5275 1474 5332 hac
1489 5272 1591 5330 vocula
1604 5272 1731 5350 incipian
1737 5287 1754 5330 t.
