3650 5798
221 373 279 424 26⁴
763 356 979 436 ‚soefloctts
1000 357 1254 425 FRAGMENTA.
1809 389 1813 496 γ

221 513 281 566 rus,
291 494 452 568 ntvidetur,
465 495 643 574 compositus
654 513 690 552 ex
703 489 852 566 militibus,
864 489 894 547 id
904 486 983 566 quod
1037 489 1204 550 Erotianum
1225 511 1254 572 p.
1267 493 1305 550 fia
1318 514 1325 552 ι
1342 491 1456 554 Ἀνταῖον
1468 493 1543 556 θοόν·
1557 495 1601 558 τὸν
1613 501 1717 582 pinifera
1727 503 1777 558 ίτο-

221 583 353 642 indicnre
381 585 572 662 fragmentum
606 581 685 660 apud
714 579 838 638 Gellium
870 576 984 636 videtur
1035 577 1171 658 νοοίμινον
1183 578 1265 640 αίτιον
1276 579 1382 642 ίσισθαι
1393 582 1538 664 ἀνθρώποις
1551 587 1629 662 (cod.
1643 586 1777 668 ιῖνθρυτονζΙ

221 675 304 744 xix,
322 689 367 748 to,
381 671 459 750 quod
475 670 511 730 ab
524 670 665 750 Euripide
678 687 736 727 non
755 680 798 726 est
819 669 982 744 repetitum.
1036 664 1151 728 Ἀνταῖον
1187 667 1212 728 δ’
1236 668 1346 730 ἐκάλουν
1379 671 1404 729 ai
1438 673 1548 732 παλαιοὶ
1575 674 1637 746 τὸνΙ
1664 675 1778 756 σώφρονι,

220 761 393 837 Fragmenta
415 778 562 838 perpauca
581 771 649 818 sunt
668 755 811 832 nimisque
832 755 937 830 exigua
954 763 983 810 et
1034 756 1072 824 ὡς
1098 755 1145 814 καλ
1175 757 1311 838 Σοφοκλῆς
1336 759 1363 818 ἐν
1391 760 1617 845 Κλυταιμνήστρᾳ
1642 763 1722 842 λέγων
1735 766 1779 846 l³²i

222 847 334 919 tenuia,
348 867 435 926 quam
451 860 482 906 ut
495 847 600 906 exiliis
613 844 773 924 quidquam
788 841 825 901 de
840 839 983 919 composi·
1036 841 1104 902 «rba
1135 841 1157 902 δ’
1184 847 1291 904 ἀνταῑον
1327 846 1504 928 πιριδινίοντα
1526 852 1592 930 ,riq
1632 855 1725 931 ὁρᾶτε,
1747 853 1779 910 zai

222 933 301 992 tione
323 948 372 994 aut
392 935 621 993 conformatione
643 931 787 1010 tragoediaa
807 929 912 990 elicias.
927 925 982 1004 igi
1035 929 1113 1007 δεῖμα
1135 931 1314 1013 προσπνίοντα
1344 933 1420 1013 (cod.
1448 935 1583 1000 Cantabr.
1608 937 1777 1020 προσπαίοντιζ

220 1019 299 1079 iilam
309 1020 415 1080 Aulide
427 1035 512 1099 poeta
527 1022 605 1081 fecit.
1035 1015 1141 1084 ἀνταίας
1153 1022 1219 1078 θεοῦ.
1234 1046 1247 1072 ι
1257 1025 1322 1079 Haec
1336 1021 1454 1099 quidem
1468 1023 1508 1084 ita
1517 1027 1685 1086 Erotianus.
1697 1033 1730 1086 iit
1740 1042 1780 1084 tn-

260 1113 340 1167 Inter
348 1109 506 1187 fragmenta
514 1129 603 1169 unum
613 1120 707 1166 umen
717 1102 984 1185 est,quedocemur
1035 1105 1128 1184 goedia
1139 1125 1203 1183 quas
1219 1108 1437 1184 Clytaemnestra
1446 1111 1582 1190 inscripta
1592 1113 1694 1186 fuerit,
1704 1115 1780 1192 ignota

219 1193 372 1275 intereos,
391 1198 441 1276 qui
457 1197 540 1256 initio
561 1195 708 1274 tragoedias
723 1191 881 1252 introducti
903 1191 982 1268 sint,
1036 1207 1088 1252 est.
1105 1199 1206 1274 itaque
1221 1196 1312 1256 verba
1325 1197 1379 1256 ista
1394 1198 1467 1258 nihii
1483 1200 1564 1260 aliud
1582 1201 1715 1262 indicare
1727 1223 1781 1280 pot-

220 1282 308 1342 fuisse
331 1285 455 1342 Ulixem.
477 1289 578 1344 Exstat
600 1275 680 1342 iilud
694 1280 773 1360 apud
794 1280 928 1348 Pbotium
954 1291 984 1336 et
1035 1294 1102 1342 sunt
1119 1285 1174 1344 nisi
1197 1305 1262 1364 quae
1286 1286 1502 1362 clytemnestra
1524 1290 1587 1368 ipsa
1608 1289 1642 1348 in
1664 1291 1781 1369 tragedia
1811 1315 1813 1400 γ

222 1369 340 1428 Suidam
356 1391 382 1432 ν.
399 1367 678 1452 Πενθιροί,τιινίερο’ς.
694 1369 830 1448 Σοφοκλῆς
844 1365 871 1426 bl
886 1365 917 1427 rb
933 1365 982 1444 ίμ-
1035 1369 1150 1431 dixerit.
1170 1372 1262 1432 valde
1287 1388 1425 1453 corrupta
1445 1387 1539 1434 tamen
1561 1376 1781 1436 cunaliiudni
1811 1405 1813 1418 2

220 1459 302 1516 παλιν
315 1479 322 1494 ·
339 1449 396 1517 eine
407 1457 458 1541 γίιρ
467 1455 590 1541 πενθερὸν
600 1456 643 1516 τὸν
655 1455 774 1540 γαμὸρὸν
786 1457 812 1514 ίν
826 1455 982 1540 Ἰφιγενείφ·
1035 1479 1116 1539 φρονα
1124 1471 1202 1518 certe
1213 1460 1315 1518 falsum
1326 1475 1379 1520 est.
1389 1462 1557 1522 Wclcirertts
1566 1463 1713 1546 ὀλοόφρονα
1721 1478 1781 1523 recte
1811 1457 1813 1542 ί

220 1545 364 1614 Ὀδυσσεύς
381 1571 446 1632 φησι
463 1547 527 1632 πρὸς
547 1547 788 1629 Κλυταιμνήστραν
807 1545 869 1628 napi
891 1545 984 1628 Ἀχιλ·
1035 1545 1071 1604 ad
1083 1548 1252 1608 sententiam
1265 1550 1397 1628 conjecit.
1412 1551 1550 1628 Berglrius
1562 1549 1610 1611 καὶ
1623 1553 1703 1630 δεῖμα
1715 1575 1781 1633 τροτ-
1812 1549 1813 1578 ³

220 1633 302 1702 λίνος·

219 1775 280 1854 [aa]
297 1773 338 1842 tt
355 1763 385 1838 δ’
404 1769 429 1839 ὦ
445 1771 594 1869 μεγίστων
611 1772 806 1868 τυγχάνουσα
821 1771 981 1863 canapeo,

219 1913 277 1978 ἀντί
290 1917 427 2003 γαμόρῶν.
440 1925 506 1980 Haec
522 1918 581 1979 dici
593 1939 653 1978 non
667 1931 823 1998 potuerunt
834 1915 889 1976 nisi
901 1915 982 1994 igno·

218 2017 301 2064 rante
312 2006 405 2066 adhuc
419 2007 652 2084 Clytaemnestra,
669 2003 751 2085 cujus
764 2025 849 2065 causa
864 2002 922 2063 iiiia
936 2023 982 2062 es-

217 2105 261 2152 set
273 2094 417 2154 arcessita.
430 2100 471 2154 Ut
482 2095 559 2155 enim
571 2094 620 2154 iiic
639 2094 883 2170 Clytaemnestram
898 2093 982 2169 Argis

218 2179 383 2259 deceperat,
396 2183 436 2241 ita
448 2183 543 2262 pergit
554 2203 617 2242 eam
628 2183 729 2242 eodem
742 2181 829 2240 modo
838 2179 982 2258 decipere,

218 2280 371 2348 postquam
389 2269 418 2328 in
433 2283 527 2329 castra
542 2271 645 2348 venit,
668 2284 701 2328 ut
721 2271 813 2328 soient
826 2269 978 2341 homines,

218 2355 269 2434 qui
288 2357 399 2416 lucrum
420 2349 563 2420 honesiati
585 2359 751 2438 praeferunt.
773 2358 861 2418 Vafre
882 2371 977 2418 autem

219 2457 366 2504 veterator
376 2447 481 2525 plurali
496 2447 576 2507 vocis
588 2467 657 2506 usus
677 2460 741 2518 est,
762 2459 794 2504 ut
805 2445 908 2505 incerti
930 2446 980 2505 aii-

218 2532 289 2610 qnid
315 2535 440 2595 orationi
465 2537 674 2616 interponeret.
708 2540 811 2611 ltaque
841 2534 981 2594 Achillem

217 2641 332 2701 unaque
343 2643 408 2682 cum
421 2625 472 2682 iiio
483 2625 569 2686 etiam
583 2626 734 2684 Plutonem
747 2623 980 2703 spectatoribus,

216 2711 267 2788 qui
282 2709 441 2790 iphigenia
455 2728 561 2773 sortem
583 2713 696 2772 fatalem
711 2733 770 2770 non
790 2710 981 2790 ignorabant,

215 2798 355 2877 cogitasse
364 2799 459 2860 videri
473 2801 579 2881 potuit.
593 2799 697 2862 Eidem
719 2799 784 2858 ioco
799 2798 878 2859 aliud
895 2799 980 2858 attri-

214 2884 328 2945 buerim
342 2887 534 2968 fragmentum
546 2889 627 2968 apud
637 2887 823 2966 Hesychium,
835 2887 898 2968 [ao]
911 2913 923 2940 ι
935 2889 981 2966 βα-

215 2973 285 3048 σίλη,
297 3000 309 3027 ν
321 2975 453 3054 βασίλεια.
469 2979 502 3038 Σ.
517 2975 671 3060 Ἰφιγενείᾳ,
687 2995 747 3056 quo
763 2976 980 3054 Clytaemnestra

215 3060 343 3120 aeboro
367 3075 400 3120 ut
425 3064 540 3124 ridetur
562 3065 658 3144 primo
680 3063 808 3122 carmine
832 3064 980 3123 salutatur.

215 3149 401 3209 Difficiiiores
417 3164 485 3210 sunt
501 3172 600 3212 versus
615 3150 694 3230 apud
716 3151 886 3211 Athenaeum
901 3155 979 3228 XII,

215 3257 245 3315 p.
264 3237 397 3314 513‚1t:

213 3377 275 3463 [at]
292 3379 366 3450 Ndet
381 3381 455 3476 πρὸς
469 3351 557 3474 evipi
570 3391 658 3474 σῶμα
674 3381 846 3461 πουλύπους
859 3381 940 3462 ὅπως

292 3498 391 3590 πέτρᾳ
407 3497 575 3591 τραπέσθαι
591 3498 713 3594 γνησίου
726 3502 929 3592 φρονήματος.

212 3642 347 3699 Correxit
362 3645 507 3703 Porsonus
521 3649 579 3703 νοῖίν
591 3646 629 3703 δεῖ
640 3642 705 3725 πρὸς
718 3641 802 3726 ἀνδρὶ,
816 3645 896 3720 σῶμα
908 3664 976 3701 που·

211 3727 308 3795 λίπους
331 3730 403 3798 ὅπως
426 3753 452 3792 κ.
470 3755 494 3791 τ.
508 3732 532 3790 λ.
548 3738 681 3792 Fortasse
701 3753 760 3790 non
784 3732 880 3790 minus
898 3742 975 3789 recte

211 3812 252 3874 ἀεί
266 3815 331 3897 πρὸς
346 3818 419 3900 ἀνδρὶ
428 3843 454 3878 κ.
464 3843 488 3878 τ.
502 3822 528 3879 λ.
541 3824 613 3892 Quae
623 3822 647 3879 si
658 3833 736 3878 recte
746 3819 888 3897 explicata
898 3832 974 3892 sunt,

212 3907 386 3964 converiunt
401 3909 624 3985 Clytaemnestra
640 3909 727 3967 liliam
744 3908 877 3979 docenti,
899 3927 972 3985 quo-

213 3992 300 4051 modo
324 3995 460 4054 maritum
483 3996 591 4056 habere
612 3996 843 4056 debeat.Vernm
868 3997 973 4073 Clytae-

213 4095 367 4140 monstram
372 4085 645 4160 prorsusceiarinon
653 4087 758 4164 potuit,
766 4104 851 4164 quam
863 4083 901 4142 ob
912 4104 972 4142 rem

211 4168 363 4247 Iphigenia
395 4172 530 4230 arcessita
564 4174 609 4230 sit.
644 4178 687 4232 ita
715 4184 855 4251 apparet,
891 4171 972 4249 quod

210 4253 272 4339 [32]
294 4257 449 4340 ιίποφρον,
465 4285 477 4312 ν
492 4261 511 4318 i.
527 4281 552 4319 e.
571 4261 667 4320 animo
688 4262 862 4320 occultatum
886 4260 971 4320 inerit

210 4345 289 4423 apud
308 4347 478 4405 Erotianum
499 4365 529 4424 p.
546 4350 601 4419 374
620 4345 795 4427 :⁶fnoqpov,
814 4355 970 4430 κρυφαῖον...

211 4431 344 4510 μέμνηται
356 4437 370 4494 ὁ
386 4431 463 4500 αὐτὸς
477 4431 635 4516 [Σοφοκλῆς]
648 4434 692 4493 καὶ
705 4437 730 4494 ἐν
745 4432 891 4516 Ἰφιγενείᾳ.
906 4440 969 4509 Quo

1034 1635 1147 1698 πνίονια
1161 1636 1282 1705 τιίνταίας
1294 1641 1362 1698 θεοῦ.
1376 1643 1441 1699 Ηυο
1453 1638 1597 1720 quadrare
1612 1643 1726 1702 videtur
1738 1645 1780 1702 ira

1035 1740 1182 1806 gmentum
1204 1726 1282 1806 apud
1307 1729 1483 1805 Hesychium
1500 1753 1507 1788 ι
1522 1731 1585 1809 [34]
1613 1732 1779 1811 ιάκραιγεῑ,ι

1035 1813 1113 1896 ιίκρον
1128 1813 1193 1894 ἔχει.
1207 1813 1300 1896 Ἄκρον
1313 1813 1342 1874 ii
1354 1807 1414 1896 ὄρος
1425 1821 1472 1888 τῆς
1486 1816 1625 1899 Ἀργείας,
1639 1819 1680 1900 ἐφ’
1694 1812 1722 1878 σίν
1736 1820 1779 1898 Ἀρ

1034 1901 1138 1982 τέμιδος
1147 1903 1214 1985 ἱερὸν
1227 1901 1350 1986 ἱδρύσατο
1361 1903 1523 1984 Μελάμπους
1533 1905 1655 1987 καθάρας
1666 1905 1710 1973 τλς
1720 1909 1780 1985 ilar

1033 1989 1122 2068 τίδας,
1136 1990 1216 2070 ἤγουν
1234 1999 1291 2058 ταῖς
1309 1990 1418 2076 Χοίρισι.
1433 1995 1467 2053 Σ.
1482 1991 1634 2076 Ἰφιγενείφ.
1653 1999 1697 2052 ita
1715 1995 1778 2050 etiam

1035 2077 1103 2138 aiibi
1123 2080 1215 2139 Diana
1229 2097 1245 2138 a
1267 2081 1479 2158 clytemnestra
1495 2082 1657 2140 invocatur
1671 2095 1702 2141 ut
1716 2081 1779 2140 flian

1034 2167 1210 2227 immolatam
1225 2167 1255 2225 in
1273 2183 1363 2247 patre,
1378 2169 1426 2230 cni
1440 2170 1493 2228 dea
1507 2189 1629 2248 quoque
1647 2171 1719 2229 irata
1732 2171 1778 2240 fuit,

1034 2255 1203 2328 ulciscatur,
1225 2257 1261 2316 cf.
1277 2258 1380 2318 Eiectr.
1398 2259 1489 2337 Soph.
1504 2259 1572 2316 626.
1589 2259 1687 2338 Virgo
1707 2271 1778 2318 taum

1033 2345 1206 2422 abducitur,
1220 2357 1253 2404 ut
1269 2346 1441 2406 immoletur.
1458 2345 1501 2404 Ad
1516 2346 1580 2425 ipsa
1591 2367 1680 2408 sacra
1691 2349 1778 2406 retule-

1034 2434 1087 2491 rim
1100 2433 1291 2512 fragmentum
1303 2433 1380 2513 apud
1393 2435 1568 2510 Hesychium
1587 2457 1613 2494 ν.
1632 2434 1780 2496 ’hambiaca
1812 2483 1813 2490 ,

1033 2543 1075 2586 τος
1090 2541 1097 2578 :
1113 2521 1248 2604 Σοφοκλῆς
1261 2524 1288 2581 ἐν
1302 2519 1441 2604 Ἰφιγενείᾳ
1452 2523 1517 2601 [85]
1533 2550 1546 2577 ι
1558 2522 1687 2582 τοίνδακα
1699 2528 1742 2582 τοῦ
1757 2524 1782 2588 ξι·
1810 2534 1811 2548 ’

1033 2631 1096 2689 φους
1116 2635 1128 2664 ν
1149 2607 1197 2681 cip
1225 2607 1310 2682 λαθὴν
1342 2609 1400 2692 ίφη.
1434 2611 1512 2670 Dicit
1543 2612 1625 2672 enim
1666 2611 1781 2692 capulum

1033 2697 1140 2775 gladii,
1162 2718 1258 2776 quem,
1272 2711 1306 2758 ut
1319 2697 1465 2760 occideret
1485 2699 1652 2779 virginem,
1667 2696 1782 2758 sacerdos

1033 2786 1263 2865 comprehendit.

1072 2873 1168 2933 Choro
1182 2873 1349 2934 tribuuntur
1363 2895 1464 2935 versus
1474 2917 1484 2949 ‚
1495 2871 1546 2953 qui
1560 2885 1632 2934 sunt
1644 2873 1722 2956 apud
1735 2877 1783 2933 Sto

1032 2959 1125 3021 haeum
1137 2967 1241 3036 XXX,
1256 2965 1274 3022 6
1287 2983 1294 3022 :

1031 3099 1094 3186 [tt]
1110 3099 1216 3168 Τίκται
1230 3097 1288 3195 γὰρ
1306 3091 1393 3168 οὐδὲν
1408 3095 1511 3167 ἐσθλὸν
1529 3099 1632 3169 circeia
1649 3103 1751 3195 σχολιί·
1811 3117 1812 3192 l

1109 3215 1172 3295 θεὸς
1185 3205 1220 3282 di
1233 3219 1298 3294 τοῖς
1314 3215 1454 3311 ἀργοῦσιν
1472 3217 1505 3283 οὐ
1523 3216 1728 3312 παρίσταται.

1030 3367 1072 3422 hc
1087 3375 1163 3422 recte
1176 3361 1293 3440 quidem
1307 3363 1428 3424 fortasse
1445 3363 1536 3422 choro
1557 3363 1753 3434 vindicantur,
1764 3363 1779 3420 si

1030 3451 1147 3528 quidem
1166 3452 1217 3529 qui
1232 3463 1301 3509 suut
1316 3450 1395 3529 apud
1409 3451 1535 3510 Gellium
1549 3457 1636 3530 XIX,
1653 3474 1700 3525 10,
1714 3453 1779 3511 Ennii

1032 3559 1149 3617 versus,
1166 3558 1183 3598 a
1200 3539 1345 3618 Sophocle
1362 3539 1480 3616 repetiti
1497 3553 1575 3600 sunt.
1592 3544 1671 3612 Quae
1682 3542 1707 3600 si
1719 3551 1778 3598 recte

1030 3638 1221 3701 statuuntur,
1244 3647 1281 3686 ex
1300 3627 1448 3705 colloquio
1467 3625 1557 3686 rerba
1580 3642 1677 3687 sumta
1697 3627 1778 3687 credas

1030 3715 1111 3774 chori
1129 3735 1196 3774 cum
1212 3721 1442 3794 Agamemnone,
1460 3715 1509 3792 qui
1526 3715 1613 3774 liliam
1635 3736 1724 3794 quum
1739 3715 1779 3771 iu-

1029 3803 1137 3862 moiare
1151 3801 1309 3876 dubitaret,
1323 3821 1338 3860 a
1355 3801 1456 3873 choro,
1473 3803 1521 3861 cui
1535 3803 1629 3862 otium
1643 3805 1778 3862 molestum
1810 3831 1811 3846 2

1029 3891 1129 3964 fuerit,
1142 3891 1179 3950 ad
1189 3909 1302 3950 sacrum
1315 3890 1525 3967 perficiendum
1536 3890 1707 3970 impellitur.

1313 4026 1498 4051 ²⁶⁴0.—

1202 4121 1436 4184 tantvolttttt
1456 4120 1611 4184 CONCIO.

1065 4256 1201 4320 Omnium
1216 4256 1300 4334 longe
1314 4255 1512 4316 difficillimum
1532 4269 1577 4315 est
1595 4255 1704 4335 aliquid
1719 4253 1773 4312 certi

1024 4359 1074 4406 aut
1089 4367 1126 4406 ex
1138 4345 1305 4426 fragmentis
1319 4347 1462 4425 expiscari
1476 4358 1526 4404 aut
1539 4346 1706 4424 conjectura
1719 4362 1773 4400 ron-

1024 4437 1141 4494 stituere
1153 4434 1188 4492 de
1203 4432 1346 4512 tragoedia,
1358 4454 1423 4511 quae
1442 4433 1558 4493 nomine
1582 4431 1695 4513 Ἀχαιῶν
1721 4430 1772 4489 σιλ-

209 4523 327 4600 cognito
344 4525 560 4599 Clytaemnestra
577 4523 743 4602 gravissima
762 4525 805 4582 ira
827 4523 971 4583 stimulata
1023 4523 1101 4605 λόγου
1126 4524 1241 4597 citatur,
1257 4523 1452 4601 differuntqne
1470 4523 1681 4600 quammaxime
1708 4518 1769 4574 rim

208 4611 316 4668 Graecis
342 4609 503 4669 miserrima
526 4629 673 4688 (praeque,
696 4612 746 4689 qui
772 4631 832 4670 ιιοιι
854 4611 971 4670 videant
1025 4633 1089 4671 rum
1106 4611 1255 4670 doctorum
1269 4611 1423 4672 sententia.
1440 4616 1484 4671 Ne
1499 4609 1570 4670 iilud
1585 4609 1701 4689 quidem
1719 4604 1770 4664 salit

207 4693 293 4758 deum
309 4698 664 4776 vindicem,imprecatnr.
681 4704 781 4758 Exstat
799 4699 871 4759 iilud
892 4701 970 4779 apud
1024 4711 1135 4760 constat
1162 4701 1255 4758 sintne
1284 4699 1396 4776 Ἀχαιῶν
1419 4695 1543 4778 σύλλογος
1565 4711 1596 4756 et
1636 4695 1768 4756 σίνδιιιινον

566 4901 611 4954 29.
904 4887 906 4890 ’
1023 4898 1058 4957 ad
1070 4907 1224 4968 sanum‚te
1236 4897 1356 4971 applices
1369 4896 1456 4954 nobili
1470 4896 1572 4954 animo.

207 4979 248 5034 Tu
260 4989 322 5052 quae
336 4991 460 5035 summos
473 4991 587 5050 generos
601 4984 682 5035 nacta
695 4993 734 5035 es.
1382 4981 1426 5034 to.

563 5061 608 5112 at.
1021 5053 1241 5130 Nullussupinae
1254 5054 1561 5128 trucusesttgnavta,

194 5107 335 5208 ¹ttepende
349 5142 379 5191 ut
390 5133 424 5192 ad
436 5123 536 5206 tirum,
548 5149 648 5210 corpus
661 5136 733 5194 sicut
746 5135 859 5210 polypus
1021 5151 1073 5194 nec
1087 5135 1215 5194 feriantes
1228 5135 1340 5210 adjurat
1354 5134 1446 5194 fautor
1458 5133 1534 5192 deus.
1553 5135 1632 5190 Hor.
