3742 5784
615 373 826 440 soenoctts
846 377 1099 442 FRAGMENTA:

60 527 135 587 799,
161 514 259 573 Orest.
281 529 480 590 979-1001,
506 512 613 575 Electr.
640 487 828 591 pah-749.

98 605 145 660 Ex
155 599 329 680 fragmentis
344 620 437 680 pauca
454 598 491 659 de
505 601 715 680 compositione
728 613 830 680 tragoe-

58 685 114 746 diae¹
128 689 299 767 conjectura
311 689 408 768 colligi
420 701 549 768 possunt.
563 688 754 750 Attribuerim
773 690 830 750 ini·
890 697 893 704 ’

58 777 99 834 tio
112 776 272 854 dramatis,
285 776 336 838 ubi
358 781 466 838 Atreus
478 777 599 856 injurias
622 799 690 839 suas
704 797 723 838 a
742 778 830 839 fratre

59 878 194 944 acceptas
207 866 454 946 conquerebatur,
466 887 565 927 versus
576 868 646 929 Attii
658 891 668 926 τ

92 987 136 1042 En
149 985 259 1060 impero
271 987 369 1062 Argis3
381 997 487 1064 sceptra
498 989 566 1046 mihi
577 989 661 1064 liquit
670 991 787 1066 Pelops,

92 1081 149 1138 qua
161 1075 251 1139 ponto
263 1067 298 1126 ab
310 1068 406 1126 Helles
417 1077 500 1145 atque
511 1071 546 1128 ab
559 1070 637 1128 ionio
652 1069 721 1126 mari

92 1153 213 1219 urgetur
224 1146 359 1206 Isthmus.

60 1260 248 1320 Memorabat
270 1261 347 1322 inter
377 1264 463 1339 baec,
487 1263 635 1344 quomodo
669 1264 774 1344 Pelops
800 1265 831 1324 in

62 1350 276 1426 possessionem
290 1353 372 1432 regni
386 1355 586 1432 pervenisset:
699 1401 703 1412 .

61 1445 151 1504 Simul
162 1454 192 1505 et
203 1446 291 1506 Pisaea
301 1449 413 1524 premia
429 1457 521 1526 erepta
532 1457 639 1586 affin
649 1466 665 1508 a
676 1466 756 1508 socru
770 1466 832 1525 pos·

595 1547 602 1586 ι
629 1545 690 1588 suo.

64 1643 192 1720 Exponit
204 1683 215 1716 ,
228 1643 376 1722 quomodo
389 1645 420 1702 in
435 1663 557 1725 regnum
570 1644 683 1703 venerit
695 1664 703 1702 ε

64 1758 144 1818 Addo
159 1761 232 1830 huc,
246 1762 322 1837 quod
333 1763 401 1822 mihi
413 1771 540 1838 portento
555 1763 700 1822 coelestum
714 1769 791 1836 pater

63 1840 220 1915 prodigium
234 1845 320 1914 misit,
335 1847 413 1919 regni
425 1844 583 1904 stabilimen
597 1845 661 1914 mei,

64 1935 163 1992 agnum
175 1923 251 1981 inter
261 1923 381 1997 pecudes
395 1940 477 1983 auron
490 1926 596 1982 clarum
609 1940 707 1994 coma,

63 2015 145 2072 quem
158 2002 232 2060 chm
245 2003 394 2078 Thyestem
404 2004 512 2078 clepere
527 2021 588 2062 esso
601 2020 700 2062 ausum
712 2019 729 2061 e
741 2003 832 2078 regia,

65 2095 116 2150 qua
126 2081 155 2137 in
168 2099 200 2139 re
215 2082 377 2157 adjutricem
390 2084 536 2158 conjugem
550 2084 623 2158 cepit
637 2083 701 2142 sibi.

65 2196 160 2258 Schol.
179 2198 330 2279 Euripidis
344 2199 466 2280 Hippol.
481 2202 539 2278 309
554 2223 561 2260 :
575 2200 713 2283 Σοφοκλῆς
732 2201 833 2272 Μυκη-

64 2284 144 2353 ναίοις
157 2307 164 2323 ·

65 2425 146 2510 lttu]
158 2421 220 2494 Mt
234 2427 291 2502 τὴν
308 2423 419 2496 ἐκείνου
432 2417 547 2495 δειλίαν
559 2425 581 2524 l
594 2427 754 2514 βόσκεται,

117 2540 209 2618 θῆλυς
220 2542 275 2634 μὲν
292 2543 396 2632 αὐτὸς,
409 2539 534 2637 ἄρσενας
550 2535 579 2610 δ’
592 2541 714 2637 ἐχθροὺς
727 2541 815 2634 ἔχων.

68 2674 262 2818 dCpnqueritur
279 2677 317 2737 de
334 2678 517 2760 impudentia-
537 2678 690 2757 Thyestis,
710 2678 762 2758 qui
785 2697 833 2738 re-

87 2778 149 2824 tent
160 2789 167 2824 ι

168 2879 273 2954 Ecquis
287 2878 339 2936 hoc
353 2878 567 2938 animadvertit?
578 2879 688 2936 vincite.

69 2979 103 3034 Et
115 3000 123 3034 ε

50 3105 53 3111 ’
101 3097 205 3156 lterum
217 3099 352 3175 Thyestes
365 3106 479 3158 Atreum
492 3105 640 3156 attractum
654 3096 777 3166 advenit,

99 3179 198 3237 iterum
205 3180 264 3254 jam
275 3180 432 3255 aggreditur
442 3195 486 3236 me
495 3186 524 3236 et
532 3179 657 3252 quietum
667 3178 795 3236 suscitat.

100 3261 186 3333 Major
197 3260 265 3318 mihi
276 3263 377 3327 moles,
389 3261 477 3334 majus
490 3258 661 3316 miscendum
674 3258 795 3324 malum,

99 3354 146 3412 qur
155 3339 232 3398 illins
240 3341 370 3398 acerbum
379 3356 427 3398 cor
436 3339 795 3398 conmudametconteram.

68 3449 107 3507 cf.
121 3451 179 3510 Cic.
191 3455 238 3510 lle
252 3461 324 3508 orat.
337 3453 390 3520 111,
405 3447 452 3524 58,
467 3447 518 3507 ubi
528 3448 613 3530 plura
628 3459 705 3508 sunt
718 3446 831 3506 Deinde

68 3539 122 3598 Cic.
133 3543 178 3599 Ile
194 3550 255 3600 nat.
268 3539 348 3598 deur.
362 3541 415 3611 111,
430 3557 466 3612 ²7
481 3559 489 3595 ι
618 3539 621 3546 ’
652 3542 656 3552 ’

85 3659 135 3729 Qui
147 3675 206 3718 non
218 3667 262 3718 sat
271 3659 367 3716 habuit
377 3657 523 3732 conjugem
533 3655 613 3715 illene
624 3655 653 3714 in
664 3663 803 3729 stuprum.

68 3778 138 3834 Tum
148 3796 157 3834 t

186 3889 248 3962 Ego
260 3886 378 3961 incipio,
393 3893 491 3944 conata
503 3899 646 3960 exsequar.

70 4002 164 4076 Neque
174 3999 259 4062 illum
271 4000 352 4058 timet
362 3997 475 4058 etiamsi
490 3995 667 4058 offenderits
701 4011 702 4016 ’

241 4119 358 4181 Oderint
371 4117 440 4178 dum
454 4125 592 4176 metuant.

70 4219 102 4274 Et
111 4238 120 4274 a

69 4328 146 4386 ltulti
156 4330 243 4405 iniqui
254 4339 336 4404 atque
347 4326 472 4386 infideles
480 4341 574 4402 regno,
586 4324 667 4400 pauci
677 4331 744 4382 sunt
753 4322 831 4381 honi.

70 4447 100 4498 At
114 4445 268 4517 eveniunt,
289 4444 357 4504 dum
374 4441 516 4520 Thyestes
529 4439 679 4519 epulatur,
699 4437 831 4499 inaudita

70 4529 209 4592 miracula.
221 4533 271 4593 Sol
283 4551 400 4592 cursum
410 4531 514 4591 avertit
524 4553 532 4600 ς
549 4529 683 4588 homines·
694 4527 831 4606 religione

71 4615 175 4697 impleti
200 4623 290 4682 solem
316 4621 448 4683 adorant.
471 4619 596 4681 Achilles
615 4622 679 4678 Tot.
706 4617 777 4693 lsag.
799 4613 831 4671 in

1593 381 1649 452 aar

883 531 965 612 [tet]
986 531 1054 608 Πᾶς
1070 537 1234 624 προσκυνεῖ
1247 517 1383 628 [dictis]
1402 535 1573 629 στρέφοντα
1591 539 1650 606 κύ·-

1202 629 1205 636 ⁴
1464 657 1534 720 κλου
1548 653 1650 728 ἡλίου.

883 773 1024 833 Τοιιῐιτυα
1037 773 1194 835 audiuntur
1203 775 1281 856 apud
1297 777 1430 837 Attium:
1557 791 1559 795 ’

990 886 1044 945 Sed
1057 887 1124 961 quid
1137 891 1240 947 tonitru
1254 890 1364 950 turbida
1377 900 1456 950 torvo

991 983 1125 1026 concussa
1137 978 1249 1044 repente
1262 987 1374 1046 aequora
1387 973 1449 1030 coeli

992 1049 1123 1140 sensimu'
1137 1053 1254 1108 sonere?

884 1171 990 1225 Atreus
1007 1185 1039 1225 re
1051 1165 1182 1226 conlecta
1201 1167 1301 1246 prodit
1321 1170 1418 1242 laetus,
1435 1171 1514 1247 quod
1534 1171 1578 1229 sui
1595 1169 1651 1230 sibr

884 1266 1004 1314 conatus
1013 1255 1135 1316 feliciter
1143 1258 1342 1335 processerint.
1353 1258 1448 1318 Sclsol.
1459 1258 1559 1339 Eurip.
1573 1258 1651 1320 Mod.

884 1362 912 1404 v.
927 1345 963 1404 33
976 1366 984 1402 ι
995 1341 1143 1424 ’Ἀτιμᾶσας
1163 1342 1219 1426 ἔχει
1241 1345 1364 1415 Ἀττικῶς
1385 1345 1443 1406 ἀντὶ
1460 1351 1508 1405 τοῦ
1527 1346 1652 1427 ἠτίμησε.

884 1431 930 1491 καλ
943 1433 1098 1515 Σοφοκλῆς·

886 1556 1103 1654 [48²]llnidac
1118 1564 1174 1660 γὰρ
1188 1565 1238 1646 οὓς
1255 1567 1338 1660 lquc’
1351 1567 1509 1660 ἀναλώσας
1524 1567 1596 1660 ἔχει.

886 1696 981 1758 Attius
993 1717 1001 1754 s

992 1807 1090 1867 Gnatis
1103 1807 1259 1882 sepulcrum
1271 1808 1331 1883 ipse
1344 1810 1393 1866 est
1400 1823 1510 1884 pareus.

886 1917 961 1972 Tum
981 1913 1123 1990 Thyestes
1146 1927 1295 1994 postremo
1313 1933 1395 1992 paene
1417 1934 1476 1974 non
1496 1911 1653 1987 dubitans,

886 2001 1024 2079 quidnam
1044 2003 1153 2062 sactum
1174 2015 1275 2077 esset,
1298 2002 1432 2080 quesivit
1456 2021 1527 2062 num
1547 2005 1654 2060 Atreus

885 2092 942 2152 sibi
954 2092 1062 2153 liberos
1072 2093 1231 2153 vescendos
1241 2093 1423 2172 apposuerit.
1435 2092 1490 2152 Cui
1501 2097 1626 2152 Atreus:

886 2213 1034 2283 Nunquam
1046 2211 1127 2268 istam
1142 2211 1306 2269 imminuam
1323 2227 1419 2270 curam
1433 2207 1655 2282 infitiandotihi.

885 2320 998 2395 Deinde
1008 2321 1199 2402 describitur,
1214 2321 1363 2401 quomodo
1377 2321 1454 2381 cocti
1462 2321 1545 2380 sint:

1194 2445 1351 2518 concoquit
1363 2451 1469 2517 partem
1481 2459 1566 2518 vapor

937 2523 1066 2595 flamma,
1081 2523 1190 2584 lacerta
1202 2524 1324 2582 stridunt
1336 2525 1455 2582 verubus
1467 2525 1497 2581 in
1510 2523 1584 2582 foco.

885 2631 1027 2709 Thyestes
1037 2642 1140 2709 postea
1153 2631 1344 2710 conqueritur
1356 2630 1444 2690 iidem
1454 2629 1510 2690 sibi
1523 2628 1625 2689 datam
1640 2649 1656 2690 a

885 2720 974 2779 fratre
985 2719 1124 2779 violatam
1136 2739 1219 2779 esse:
1271 2731 1275 2736 '

1281 2813 1426 2887 Fregistin'
1441 2811 1541 2873 iidem?

885 2912 938 2976 coi
948 2917 1076 2972 Atreus:
1600 2893 1604 2902 Δ

920 3022 1017 3093 Neque
1030 3017 1161 3075 dederam
1173 3031 1263 3091 nsque
1275 3013 1431 3112 depulideli
1444 3017 1589 3092 cuiquam

885 3128 1021 3207 additque
1031 3123 1111 3206 quod
1121 3144 1223 3203 pessus
1233 3123 1349 3201 sitjnre
1359 3123 1402 3182 illi
1414 3123 1523 3186 lactum
1538 3147 1546 3190 ς

956 3241 1037 3315 Quod
1047 3241 1076 3298 in
1087 3256 1118 3300 re
1127 3251 1236 3298 summa
1245 3253 1385 3296 summum
1396 3237 1513 3296 arbitror

956 3321 1099 3395 periclum,
1116 3327 1217 3376 mames
1229 3316 1400 3391 coinquinari
1414 3317 1519 3390 regias,

956 3399 1137 3459 contaminari
1150 3400 1282 3474 stirpem,
1297 3395 1444 3456 admisceri
1457 3411 1553 3470 genus.

885 3515 961 3569 Tum
977 3508 1151 3568 lamentatur
1169 3505 1328 3584 Thyestes,
1343 3503 1415 3582 quid
1433 3503 1516 3564 lratri
1533 3502 1589 3566 sibi
1610 3505 1653 3564 le-

884 3598 957 3658 cerit
967 3621 975 3657 ε

883 3711 989 3786 Impius
1003 3710 1131 3768 horutur
1145 3723 1189 3766 me
1202 3705 1297 3776 irater,
1309 3713 1343 3763 ut
1355 3719 1432 3764 meos
1443 3703 1522 3762 malis
1536 3703 1655 3766 miseros

885 3791 1046 3878 mandarem
1059 3788 1142 3846 natis.

777 3875 781 3882 ι
885 3897 1037 3960 Irridentis
1049 3901 1131 3959 Atrei
1144 3893 1233 3954 verba
1244 3892 1369 3952 recitat:

919 4025 962 4080 Ne
972 4037 1036 4079 cum
1048 4028 1166 4094 tyranm
1178 4018 1324 4091 quisquam
1338 4011 1468 4089 epulandi
1481 4012 1567 4086 maun

919 4101 1067 4162 adcumbat
1081 4113 1204 4156 mensam
1217 4105 1265 4155 aut
1277 4094 1394 4154 eandem
1406 4102 1533 4154 vescatur
1544 4093 1657 4168 dapem.

887 4213 1012 4274 Patriam
1023 4212 1129 4272 iterum
1143 4208 1296 4268 relicturus
1307 4217 1373 4266 est:

883 4333 979 4406 Egone
1001 4327 1134 4402 Argivum
1153 4321 1301 4399 imperium
1319 4321 1453 4394 attingam
1475 4328 1523 4378 aut
1542 4317 1653 4394 Pelopia

1257 4403 1356 4476 digner
1370 4400 1474 4459 domo?

884 4491 937 4553 Cui
954 4506 999 4548 me
1016 4485 1178 4549 ostendam?
1197 4483 1273 4558 quod
1288 4477 1422 4555 templum
1439 4479 1554 4538 adeam?
1569 4493 1652 4552 quem

1150 4581 1198 4624 ore
1208 4563 1320 4622 funesto
1331 4560 1474 4633 alloquar?

72 4707 147 4768 nne
161 4709 257 4770 rnen.
275 4711 355 4784 1,s=
374 4711 511 4792 naama<
525 4703 554 4766 ει
568 4708 604 4776 a.
619 4703 711 4788 nepa
723 4702 772 4778 en
789 4700 833 4764 ιι
883 4679 994 4743 Abiens
1007 4678 1162 4738 ἀείσιτον

70 4817 135 4872 pecu
149 4799 353 4881 (astronomiae)
368 4798 490 4881 ἀναφέρει
503 4797 599 4877 λέγων,

919 4797 1004 4856 Proin
1018 4795 1056 4852 ita
1070 4799 1167 4867 parent
1178 4803 1208 4847 so
1220 4789 1251 4845 in
1264 4787 1335 4853 vita,
1349 4792 1383 4842 ut
1393 4783 1464 4840 vinci
1479 4779 1615 4838 nesciant.

72 4891 1657 4936 --.-...-..-....-----—--—-·-----···

138 5127 189 5182 Per
201 5127 275 5184 illius
287 5126 442 5200 ignaviam,
454 5141 508 5198 qua
522 5122 634 5192 huntur,

137 5205 274 5265 muhehris
284 5206 356 5281 ipse,
369 5213 398 5263 at
409 5204 500 5264 viriles
514 5203 611 5264 hostes
622 5202 737 5262 hahens.

197 5327 322 5368 metm
336 5325 489 5368 nattum.

941 5034 1136 5106 Unusquisque
1147 4953 1410 5087 stonlll'rtennm
1423 5021 1517 5082 orbem
1530 5022 1606 5080 solis.

957 5199 1061 5256 Pueros
1075 5192 1167 5262 enim,
1180 5112 1374 5266 melleus,
1387 5183 1514 5262 epulatus
1527 5187 1570 5244 est

1490 5295 1520 5346 tt
