3656 5798
569 411 745 476 AESCHYLI
766 409 1014 472 retensum.
1535 423 1589 475 189

34 556 113 634 colligi
124 566 227 634 potest,
246 562 423 612 nummatum
438 569 504 609 eum
519 560 646 608 montem
659 548 691 607 in
702 546 780 625 Igui-
823 565 879 624 que
891 546 982 624 major
995 543 1170 618 hominibus,
1181 563 1218 603 ex
1229 543 1370 603 sententia
1382 544 1549 604 Graecorum
1560 547 1590 606 il·

35 647 84 708 fero
93 644 259 705 Prometheo
271 661 340 702 esse.
363 644 432 700 Haec
446 643 647 711 Hermannus,
668 636 779 714 adque
824 637 858 694 lis
879 634 1075 714 temporibus,
1098 633 1220 712 quibus,
1247 653 1311 713 quae
1332 646 1433 712 postea
1449 635 1480 693 in
1500 636 1589 696 vitam

33 736 88 795 addi
98 746 200 812 potest,
212 733 431 803 Prometheum,
444 731 469 788 si
481 729 511 788 in
524 725 650 808 ignifero
665 727 779 785 vinctus
823 744 966 802 usumque
975 724 1312 784 mortaliumintroducta
1324 725 1393 797 sint,
1410 724 1590 803 oriebantur,

34 825 84 896 fuit,
95 823 260 900 insequenti
268 821 364 880 fabula
373 819 478 879 vinciri
488 837 603 878 necesse
611 837 669 875 non
682 815 778 874 fuisse.
824 812 1029 873 adscribendus
1045 813 1107 871 fuit.
1124 817 1167 872 Ea
1181 812 1258 872 dere
1272 813 1383 891 antiqui
1398 813 1534 874 Titanum
1546 817 1590 876 fa-

63 911 111 972 sed
122 911 271 970 audiamus
281 929 371 990 porro
382 913 587 968 Hermannum.
609 910 648 965 At
662 925 698 964 ne
723 908 779 963 So·
824 901 1164 974 bulamcommeutisunt,
1174 922 1232 981 qua
1241 903 1427 982 rerumorigo
1438 905 1590 968 indicatur.

34 1002 109 1060 lutum
124 999 252 1078 quidem,
264 999 367 1076 inquit,
381 997 583 1058 Prometheum
597 1007 629 1053 ut
644 1013 778 1052 unacum
863 991 1000 1049 Titanum
1014 1011 1102 1069 genus
1115 991 1251 1068 pervicax
1263 1003 1345 1070 pater
1359 1012 1449 1071 quum
1460 1007 1534 1052 esset
1545 1016 1591 1054 ex·

33 1091 122 1148 Vincto
132 1089 160 1145 in
171 1107 286 1146 scenam
302 1086 477 1166 productum
490 1083 651 1156 credamus,
667 1101 715 1140 eas
727 1080 780 1138 ha·
823 1093 960 1155 secretus,
973 1079 1087 1158 Jupiter
1099 1079 1123 1138 is
1141 1093 1199 1153 est,
1214 1081 1265 1158 qui
1279 1081 1350 1139 Coeli
1361 1083 1588 1142 exsecrationem

33 1176 117 1236 bemus
139 1177 284 1251 rationes,
308 1195 373 1254 quae
395 1173 575 1234 dubitatione
594 1192 693 1230 vacuae
712 1171 777 1229 sint.
824 1170 1002 1248 exsequitur.
1019 1170 1189 1230 calamitate
1207 1170 1374 1230 imminente
1390 1172 1588 1242 Prometheus,

33 1271 89 1325 llaec
99 1267 152 1327 ille.
167 1272 210 1325 Ac
221 1265 247 1324 si
264 1277 332 1324 sunt
345 1264 476 1343 quedam
490 1263 520 1322 in
534 1261 779 1324 PrornetheoVin-
823 1259 969 1318 Themidis
977 1279 1113 1338 praesagae
1126 1259 1210 1333 filius,
1226 1259 1344 1318 Titanes
1354 1273 1460 1333 monet,
1479 1274 1511 1320 nt
1521 1282 1590 1340 per-

33 1367 72 1412 cto
81 1367 204 1432 reperte,
222 1373 290 1434 quae
301 1355 426 1432 aliquam
438 1352 641 1433 tragoediarum
653 1348 778 1426 conjuu-
824 1350 927 1408 niciem
941 1362 1067 1410 caveant.
1083 1351 1121 1408 rti
1133 1370 1190 1428 que
1210 1363 1294 1408 erant
1307 1351 1395 1409 animi
1409 1353 1590 1410 contumacia

33 1444 139 1501 ctionem
156 1441 301 1515 indicent,
324 1454 419 1500 tamen
437 1461 497 1499 non
514 1452 582 1499 sunt
595 1439 736 1518 ejusmodi
749 1449 781 1496 ut
824 1458 883 1496 non
903 1439 1025 1498 audiunt
1047 1459 1141 1516 neque
1164 1437 1345 1517 sapientibus
1368 1439 1445 1498 illius
1466 1440 1591 1500 consiliis

32 1533 75 1591 iste
86 1534 138 1591 alio
152 1531 237 1591 modo
251 1532 311 1592 dici
326 1553 384 1591 non
399 1531 558 1612 potuerint,
569 1531 615 1589 rel
630 1531 716 1589 etiam
729 1549 781 1588 nc-
825 1527 1037 1607 obtemperant.
1051 1527 1166 1602 Quibus
1177 1529 1462 1606 quumPrometheus
1471 1529 1591 1590 meliora

33 1623 138 1680 cessario
154 1622 359 1700 requirantur,
375 1633 408 1680 ut
425 1641 489 1699 quae
502 1619 539 1680 ad
552 1619 713 1698 argumenti
727 1639 780 1677 ex·
824 1617 999 1695 persuadere
1019 1628 1164 1694 nequeat,
1185 1616 1222 1674 ad
1233 1621 1336 1675 lovem
1353 1637 1383 1676 se
1403 1616 1534 1693 confert,
1560 1631 1592 1677 ut

33 1711 186 1787 positionem
197 1711 364 1788 pertineant
374 1723 488 1787 atquea
499 1709 606 1769 Graecis
618 1709 781 1768 desideren-
825 1705 903 1764 hunc
917 1725 949 1764 re
963 1717 992 1764 et
1005 1705 1126 1764 consilio
1140 1702 1267 1782 adjuvet.
1283 1710 1385 1783 Pugna
1394 1704 1499 1765 deinde
1508 1726 1590 1765 com-

34 1808 78 1854 tur.
86 1796 445 1856 LiberationisPrometbei
452 1797 561 1856 mentio
572 1796 701 1856 facienda
710 1808 780 1869 erat,
825 1803 910 1860 missa
922 1803 1039 1862 Titanes
1051 1801 1119 1860 vieti
1131 1802 1162 1860 in
1171 1805 1323 1860 Tartarum
1335 1801 1517 1880 dejiciuntur.
1531 1808 1591 1864 Ne-

33 1905 62 1942 ne
74 1888 101 1945 lo
112 1887 217 1945 inutilis
232 1899 310 1946 esset
324 1905 469 1965 persona,
487 1887 623 1966 quoniam
644 1907 681 1945 ex
696 1884 781 1964 hujus
826 1911 882 1968 que
901 1909 969 1950 vero
981 1901 1132 1950 contentus
1147 1902 1191 1949 est
1204 1890 1319 1968 Jupiter
1330 1891 1384 1949 hac
1399 1891 1531 1963 victoria,
1540 1891 1591 1950 sed

33 1976 138 2052 posteris
156 1977 180 2035 is
199 1988 262 2036 crat
283 1977 430 2046 oriturus,
452 1977 503 2054 qui
522 1976 724 2036 Prometheum
744 1973 781 2034 ab
826 1980 955 2039 homines
973 1979 1058 2039 etiam
1071 1979 1132 2038 vult
1144 1977 1275 2059 perdere.
1292 1980 1480 2039 Prometheus
1495 1993 1590 2040 autern

33 2066 148 2124 erumnis
164 2065 318 2137 liberaret3
339 2065 418 2124 Jovis
434 2064 601 2144 conjuginm
616 2064 710 2124 omitti
723 2083 781 2122 non
826 2068 1020 2128 misericordia
1039 2069 1151 2147 generis
1172 2068 1291 2126 humaui
1307 2081 1469 2128 commotus
1490 2069 1590 2147 etjam

33 2155 131 2229 potuit,
144 2166 177 2213 ut
188 2167 366 2233 spectatores
379 2153 491 2232 justum
506 2153 609 2213 fabulae
623 2155 707 2212 finem
721 2171 782 2212 esse
827 2158 931 2216 timens
942 2158 1014 2216 iram
1023 2157 1114 2230 Jovis,
1127 2157 1261 2214 mortales
1268 2176 1299 2214 se
1308 2170 1490 2216 servaturum
1497 2158 1592 2218 decer·

33 2241 138 2314 scirent,
152 2243 262 2302 etiarnsi
278 2243 309 2300 id
319 2263 336 2301 a
347 2255 432 2320 poeta
447 2262 506 2300 nou
520 2254 594 2302 esset
606 2243 780 2320 expositum.
826 2247 878 2304 nit.
894 2252 995 2325 Neque
1007 2244 1103 2304 bonus
1119 2265 1265 2304 successus
1278 2247 1306 2303 in
1319 2267 1368 2321 eo,
1384 2247 1464 2325 quod
1476 2268 1592 2326 aggres-

33 2330 64 2384 Et
73 2331 142 2407 quod
152 2331 374 2391 aitScholiastes
386 2331 483 2391 Vincti
492 2331 528 2391 ad
540 2353 568 2390 v.
582 2332 639 2390 liro
653 2330 721 2391 a’Er
732 2329 782 2410 γὰρ
826 2354 874 2392 sus
883 2348 935 2407 est,
946 2335 972 2393 ei
980 2334 1082 2393 defuit.
1097 2334 1235 2393 Atruiseri
1246 2347 1314 2392 snut
1327 2335 1467 2410 homines,
1478 2335 1591 2414 inopes,

34 2417 124 2496 τῷἱξῆς
134 2419 246 2499 δράματι
258 2419 369 2480 λύεται·
384 2417 449 2503 ὅπερ
463 2419 584 2504 ἐμφαίνει
593 2418 735 2499 Αἰσχύλος,
753 2420 782 2479 id
826 2424 887 2482 sine
896 2423 1019 2497 viribus,
1037 2424 1099 2482 sine
1108 2423 1306 2482 instrumentis
1318 2424 1385 2482 vite
1394 2437 1422 2482 et
1434 2425 1591 2501 industrie,

35 2523 83 2562 non
93 2520 204 2580 constat,
215 2522 318 2568 utrum
331 2509 368 2568 ad
379 2522 546 2588 sequentem
560 2510 680 2588 trilogiae
698 2508 782 2568 fabu-
826 2513 886 2572 sine
900 2512 1029 2587 artibus,
1049 2513 1111 2570 sine
1123 2511 1297 2583 virtutibus,
1312 2512 1422 2571 morbis
1436 2513 1592 2592 multisque

35 2592 80 2650 lam
90 2597 240 2672 pertineat,
254 2597 344 2656 anad
364 2597 545 2676 tragediam,
559 2618 623 2677 quae
639 2599 669 2655 in
682 2598 782 2657 codice
826 2602 907 2660 malis
916 2600 1044 2660 obnoxii.
1057 2600 1208 2676 Quibusut
1218 2601 1320 2660 melior
1328 2621 1391 2660 sors
1403 2602 1591 2660 fortunatior-

35 2684 215 2744 Prometheum
226 2687 366 2745 Vinctum
377 2685 549 2765 excipiebat.
566 2688 603 2746 Et
617 2688 713 2765 potuit
726 2688 782 2747 hoc
826 2711 883 2769 que
895 2691 955 2749 vita
967 2691 1157 2768 contingeret,
1172 2690 1360 2750 Prometheus
1374 2690 1490 2749 aetheria
1505 2690 1591 2750 domo

33 2771 115 2832 dicere
122 2777 305 2851 Scholiestes,
318 2778 343 2836 si
350 2778 516 2856 conjunctas
522 2777 641 2838 videbat
655 2777 781 2851 fabulas3
826 2792 989 2858 surreptum
1002 2779 1150 2858 feruleque
1160 2779 1302 2838 inclusum
1316 2779 1411 2858 ignem
1422 2780 1593 2841 mortalibus

33 2874 98 2920 ater
111 2883 143 2923 eo
155 2886 211 2926 non
224 2867 415 2945 consequitur
429 2867 542 2946 trilogia
556 2867 724 2945 conjunctas
735 2889 782 2927 eus
826 2868 931 2928 divisit.
943 2868 1016 2928 inde
1026 2882 1089 2928 orta
1103 2889 1205 2948 magna
1217 2868 1355 2928 beneficia
1363 2869 1549 2941 bominibus;
1563 2884 1593 2930 at

35 2951 114 3012 fuisse.
127 2957 263 3030 Accedit,
287 2956 368 3034 quod
383 2957 507 3016 maxima
520 2958 671 3036 scripturae
683 2957 782 3016 direr—
825 2958 958 3017 irascitur
968 2958 1084 3036 Jupiter
1097 2957 1184 3036 hujus
1192 2959 1319 3018 muneris
1328 2979 1414 3018 causa
1421 2960 1592 3020 Prometheo

33 3039 89 3098 sitas
100 3043 128 3100 in
142 3043 291 3104 codicibus
310 3045 361 3103 illo
375 3045 439 3104 loco
450 3047 595 3124 reperitur
608 3046 671 3104 aliis
691 3046 782 3106 verba
825 3049 963 3126 cupitque
977 3047 1073 3106 delere
1084 3066 1149 3125 quae
1161 3045 1198 3105 ab
1209 3047 1266 3106 hoc
1279 3047 1407 3106 humano
1421 3049 1520 3127 generi
1531 3071 1591 3108 con·

34 3131 221 3207 omittentibus,
234 3135 301 3192 aliis
310 3135 391 3194 varie
402 3135 509 3215 scripta
522 3135 723 3195 referentibus.
825 3137 961 3215 tigerunt,
971 3137 1126 3215 ipsumque
1140 3149 1288 3194 auctorem
1300 3137 1410 3202 ulcisci.
1427 3142 1527 3217 Neque
1538 3139 1591 3198 inr-

64 3224 192 3283 Praeterea
198 3245 235 3282 err
246 3225 413 3303 fragmentis
423 3226 568 3304 colligitur
577 3238 684 3285 tantam
694 3227 782 3286 fuisse
825 3226 959 3306 punitum
973 3225 1057 3303 hujus
1071 3224 1182 3284 facinus
1195 3226 1308 3285 mansit.

34 3306 136 3370 duarum
148 3312 317 3373 fabularum
332 3314 560 3391 similitudinem,
573 3328 605 3374 ut
615 3316 637 3374 si
653 3335 710 3374 una
723 3315 780 3374 do·
864 3319 933 3374 Haec
948 3313 1086 3372 videntur
1097 3315 1127 3371 in
1139 3315 1310 3374 Prometheo
1324 3315 1450 3394 Ignifero
1460 3317 1593 3395 exposita

33 3409 74 3454 cte
84 3399 182 3460 fuerint
202 3403 352 3482 tragoediae
361 3447 370 3476 ,
389 3403 504 3463 tedium
518 3426 577 3464 non
592 3425 709 3464 movere
722 3425 781 3464 non
824 3422 894 3462 esse.
912 3407 1020 3478 scena,
1035 3416 1069 3462 ut
1082 3402 1215 3476 videtur,
1232 3408 1356 3464 Lemnos
1377 3405 1450 3476 fuit,
1468 3403 1518 3464 ubi
1531 3420 1593 3464 erat

34 3490 171 3564 potuerint.
195 3491 310 3552 Deinde
322 3505 453 3572 tempus,
474 3494 522 3552 cui
539 3495 676 3554 Vinctum
695 3508 782 3573 poeta
826 3511 907 3550 mons
921 3491 1084 3569 ignivomus
1097 3492 1273 3570 Mosychlos,
1288 3493 1379 3565 unde,
1391 3505 1424 3551 ut
1435 3493 1592 3568 aitAttius,

33 3577 179 3654 assignavit,
199 3579 237 3639 ab
252 3581 306 3640 illo
314 3623 323 3652 ,
345 3601 404 3660 quo
419 3581 557 3642 liberatus
570 3584 640 3657 fuit,
659 3585 780 3643 nimium
825 3582 924 3658 cignis
935 3583 1011 3641 cluet
1020 3580 1224 3641 immortalibu'
1239 3581 1314 3640 divis
1327 3582 1394 3640 olim
1407 3580 1503 3639 doctu’
1517 3586 1591 3640 Pro-

33 3660 112 3740 distat,
124 3681 155 3726 nt
169 3683 349 3748 spectatores
361 3689 397 3730 eo
408 3672 502 3730 minus
513 3673 663 3750 potuerint
675 3673 780 3751 decipi,
825 3669 954 3728 metheus
974 3671 1093 3750 clepisse
1112 3669 1180 3728 dolo
1201 3688 1356 3747 pennasque
1372 3669 1439 3726 Jovi
1460 3668 1520 3726 fato
1538 3687 1591 3727 ex-

36 3753 100 3827 quod
108 3769 226 3837 tempus,
235 3779 298 3838 quo
307 3760 494 3819 Prometheus
504 3761 672 3821 liberandus
682 3763 779 3838 fuerit,
825 3759 958 3837 pendisse
971 3778 1116 3838 supremo.
1128 3783 1140 3812 s
1152 3758 1205 3816 Hic
1215 3757 1338 3817 Vulcani
1348 3757 1492 3816 caminum
1505 3757 1592 3818 fuisse

35 3839 93 3900 inter
105 3849 260 3927 praecipuas
276 3869 322 3907 res
332 3850 513 3928 pertinuerit.
534 3856 641 3911 Verum
652 3853 719 3911 huic
732 3873 781 3912 ar·
826 3862 935 3906 veteres
947 3848 1133 3906 crediderunt
1150 3845 1296 3925 hujusque
1315 3845 1482 3924 ministros,
1504 3844 1585 3906 Cabi-

33 3947 149 4003 gurnento
162 3957 219 3996 non
228 3937 306 3997 adeo
316 3940 437 3997 multum
449 3939 778 4022 inbuerirqquiaigno.
824 3956 881 4007 ros,
890 3937 957 3995 Jovi
968 3937 1087 3995 fulmina
1098 3934 1255 3994 fabricatos
1270 3955 1340 3995 esse.
1357 3935 1444 4015 Apud
1458 3935 1592 3995 hosPro-

34 4033 119 4092 ramus,
137 4045 194 4102 quo
209 4026 241 4084 id
256 4028 382 4086 artifieio
396 4029 451 4107 tegi
466 4031 603 4108 potuerit.
825 4023 956 4082 metheus
978 4044 1061 4083 usum
1084 4025 1161 4102 ignis
1181 4024 1295 4082 varium
1317 4043 1510 4102 magnamque
1532 4025 1591 4084 virn

64 4110 111 4167 Sed
120 4113 198 4173 locus
209 4117 298 4174 etiarn
309 4117 338 4175 in
349 4116 559 4178 dubitationem
566 4119 715 4178 vocandus
727 4134 778 4178 cst.
823 4116 969 4193 cognovit.
996 4117 1054 4189 Qui
1075 4115 1197 4174 chorum
1212 4115 1434 4192 constituerint,
1449 4136 1507 4174 non
1519 4137 1592 4175 con-

32 4196 149 4262 lnaltern
166 4207 245 4264 enim
266 4207 406 4285 tragoedia
420 4210 623 4268 Prometheum
638 4223 724 4288 poeta
743 4211 778 4269 ad
823 4218 887 4265 stat.
909 4213 1016 4267 Putant
1042 4220 1138 4266 tamen
1163 4206 1283 4268 Cabirus
1304 4209 1400 4268 fuisse.
1424 4208 1592 4274 Welnlrerus
1613 4235 1615 4239 ·

33 4285 168 4351 Caricasum
182 4296 433 4375 alligatumfingit;
447 4299 477 4356 iu
489 4299 594 4358 Vincto
607 4312 702 4358 autem
716 4321 778 4360 nus·
823 4298 897 4376 ignis
919 4300 1027 4359 furtum
1049 4299 1079 4357 in
1101 4319 1187 4359 scena
1206 4301 1392 4361 commissum
1413 4321 1475 4360 esse
1499 4314 1591 4380 putat,

33 4389 102 4446 quam
111 4379 215 4442 dicitur
229 4389 390 4457 Caucasus,
408 4406 467 4466 qno
477 4388 665 4448 Prometheus
675 4390 777 4467 alliga·
823 4387 851 4446 id
867 4388 946 4466 quod
960 4387 1113 4468 probabile
1126 4409 1188 4449 esse
1202 4410 1261 4448 non
1274 4390 1400 4450 videtur.

33 4470 69 4518 tus
78 4467 118 4539 sit,
129 4472 177 4529 sed
191 4473 280 4531 etiam
296 4474 392 4532 locum
407 4476 487 4534 illum
501 4497 519 4535 u
533 4482 662 4540 Caucaso
677 4479 776 4558 procul
861 4478 939 4555 Ignis
957 4499 1039 4537 nsum
1061 4479 1172 4557 primus
1185 4493 1323 4559 expertus
1337 4493 1379 4539 est
1391 4479 1589 4553 Prometheus,

32 4567 80 4610 esse
96 4557 201 4619 indicat
214 4583 244 4621 v.
262 4583 274 4620 r
289 4576 318 4622 et
333 4566 384 4622 301
400 4578 429 4624 et
442 4575 498 4636 tna
512 4581 541 4628 et
553 4569 620 4644 718.
643 4571 699 4630 Sed
715 4571 775 4646 jam
823 4565 873 4643 qui
888 4568 949 4642 ejus
959 4587 1015 4646 ope
1038 4567 1163 4646 primum
1180 4569 1262 4627 finxit
1276 4570 1438 4628 artificium.
1449 4573 1492 4628 lta
1513 4573 1590 4626 Pan-

31 4637 136 4720 singulas
147 4651 299 4713 videamus
311 4656 471 4734 tragoedias.
821 4653 892 4713 dora
905 4667 969 4714 orte
984 4669 1027 4715 est
1044 4655 1132 4736 (apud
1144 4657 1277 4718 Proclum
1292 4669 1329 4718 ad
1342 4657 1461 4720 Hesiod.
1473 4678 1501 4718 v.
1521 4659 1589 4732 176,

153 4849 428 4927 PROTOETHEUS
450 4857 632 4924 IGNlFfflt,
821 4845 885 4924 [62]
900 4848 965 4913 Tou
974 4847 1198 4922 πηλοπλοίστου
1211 4851 1385 4942 σπέρματος
1395 4848 1489 4922 θνητὴ
1500 4849 1588 4942 γυνή.

59 4946 235 5014 Prometheus
249 4970 316 5016 ortu
328 4959 409 5039 prior
419 4981 525 5040 genere
540 4961 668 5022 humano
689 4963 773 5021 ideo·
822 4965 936 5025 Deinde
948 4979 1014 5026 orto
1028 4989 1132 5047 genere
1144 4970 1272 5028 humano
1282 4968 1470 5028 Prometheus
1482 4968 1590 5028 docens

36 5077 1587 5128 Ἣ

476 5265 603 5323 Mortalis
614 5281 646 5324 err
657 5265 709 5324 luti
722 5200 826 5326 sentiris
839 5268 911 5326 faeta
927 5271 1037 5328 mulier.
