3656 5798
233 357 291 412 ²04
792 341 969 404 AESCHYbl
990 342 1239 406 FRAGMENTA.

232 482 287 558 98,
304 477 462 558 amplctere.)
475 475 591 536 ludices
605 495 694 552 quum
710 489 760 532 atat
772 495 807 534 eo
824 474 884 552 jum
906 495 992 533 accu-

232 571 341 628 satione
370 579 463 626 essent
491 565 642 644 perducti,
675 577 706 622 ut
740 570 993 642 Hypermnestram
1282 483 1553 578 IASONEA
1601 566 1603 568 ’

233 659 419 729 damnarent,
433 669 482 714 aut
498 654 559 732 jam
575 652 830 726 condemnassent,
843 656 938 711 Venus
952 654 994 710 in·
1076 640 1188 696 N0m³¹¹
1204 644 1331 700 Iasone&
1347 663 1455 702 novum
1475 659 1518 704 est
1532 666 1566 704 ac
1583 667 1675 728 nuper
1687 651 1770 716 inven-

234 745 370 814 terrenit,
380 755 413 801 ut
426 741 546 802 infelicis
560 741 663 820 puellae
677 753 782 798 sortem
797 741 936 799 relevaret
945 738 995 817 ju·
1038 739 1112 800 tum,
1125 729 1229 787 retinui
1244 743 1353 803 lamen,
1367 733 1432 809 quia
1443 746 1472 792 θῑ
1486 735 1527 793 tel
1541 738 1691 816 respondet
1701 762 1773 821 neque

232 835 365 910 «licioque
379 853 442 891 earu
461 830 605 890 liberaret.
617 831 717 906 Itaque
731 829 826 907 primo
842 829 993 907 explicuit,
1037 815 1115 872 allud
1128 817 1271 875 Succurrit
1282 859 1290 888 s
1303 819 1381 896 (111011
1397 820 1424 879 ei
1438 820 1575 882 substitui
1590 826 1686 902 possit.

231 922 301 1000 quid
318 922 348 979 in
366 920 525 999 judicando
542 917 721 996 sequendum
737 930 827 991 esset,
845 917 949 976 deinde
963 930 995 975 ut
1076 904 1190 963 Nullum
1206 905 1314 964 facinus
1328 907 1357 964 ln
1372 908 1476 968 sabulis
1493 925 1623 972 veterum
1638 919 1773 979 Graecorum

232 1013 342 1072 divinas
363 1014 439 1090 leges
462 1011 717 1088 interpretaretur,
731 1027 764 1065 ea
786 1006 902 1065 ridetur
922 1027 994 1085 pro·
1039 992 1159 1094 1813111111
1181 1007 1224 1052 est
1246 996 1388 1095 atf⁰⁰l¹¹⁵s
1410 1019 1497 1075 ‘luam
1524 1002 1618 1062 caedes
1639 1006 1689 1064 full
1708 1027 1772 1084 quau

232 1103 398 1175 nunciasse,
412 1119 475 1178 (με
488 1097 641 1157 Athenaeus
653 1095 776 1153 servavit
787 1099 874 1168 xm,
887 1114 914 1172 p,
927 1096 993 1167 600,
1038 1082 1171 1142 muheres
1187 1087 1313 1142 Lemniae
1327 1086 1385 1144 suis
1399 1089 1509 1148 maritis
1523 1091 1695 1164 intulerunt,
1707 1108 1772 1173 atque

233 1187 342 1250 11,Κῇ
356 1191 370 1247 5
383 1185 541 1265 σεμνότατος
561 1183 583 1242 δ’
602 1181 733 1262 Αἰσχύλος
748 1184 774 1242 ἐν
793 1190 849 1249 ταῖς
869 1179 993 1242 Δαναίσιν
1038 1169 1110 1229 adeo
1124 1192 1236 1230 omnem
1248 1171 1333 1231 iidem
1342 1194 1477 1252 superare
1488 1177 1688 1248 videbatur,ut
1697 1197 1772 1260 postea

231 1275 309 1352 αὐτὴν
326 1274 439 1359 mapa
452 1271 603 1356 Ἀφροδίτην
618 1271 763 1350 λέγουσαν·
1038 1259 1073 1316 ad
1091 1273 1233 1339 magnast
1253 1262 1362 1319 atrocia
1385 1264 1512 1324 facinora
1529 1267 1706 1344 significanda
1717 1291 1772 1350 sape

1038 1361 1226 1426 usurparetur
1238 1349 1268 1406 in
1282 1348 1527 1430 proverbiurnque
1539 1357 1625 1414 etiam
1636 1371 1750 1418 verteret.

231 1411 401 1515 1101111111ἶ
423 1421 475 1512 μὲν
497 1419 587 1512 &illi
606 1416 727 1508 οὐρανὸς
746 1423 860 1509 τρῶσαι
877 1416 993 1510 χθόνα,
1079 1438 1211 1496 Mulieres
1233 1439 1359 1497 Lemniae
1389 1440 1525 1519 superbia
1555 1444 1638 1504 elatae
1659 1451 1772 1508 Venerem

230 1545 236 1550 '
283 1529 354 1620 ἔρως
374 1519 409 1594 δὲ
423 1533 512 1621 γαῖαν
525 1517 677 1616 λαμὸαίνει
687 1523 787 1618 γάμου
802 1530 913 1615 τυχεῖν·
1042 1525 1136 1584 colere
1158 1547 1192 1584 aa
1213 1528 1344 1586 venerati
1364 1545 1534 1589 recusarunt
1549 1552 1714 1612 prorsusque
1729 1535 1772 1614 ejus
1805 1521 1806 1572 l

282 1632 394 1726 ὄαςρος
415 1624 444 1698 δ’
464 1617 516 1698 ἀπ’
538 1626 692 1708 εὐνάεντος
709 1633 834 1722 οὐρανοῦ
851 1633 949 1697 πεσὼν
1038 1614 1205 1691 religionem
1218 1615 1411 1692 neglexerunt.
1423 1623 1489 1676 Non
1503 1619 1569 1678 tulit
1583 1619 1634 1680 dea
1647 1621 1772 1699 injuriam,

282 1699 366 1808 33¹0)oe
384 1743 528 1835 Yoepwp
553 1729 587 1803 δὲ
609 1735 748 1803 τίκτεται
772 1741 892 1822 βροτοῖς
1039 1700 1088 1758 scd
1116 1715 1313 1781 contemptum
1345 1705 1471 1764 numinis
1500 1709 1545 1766 sui
1574 1708 1664 1768 altura
1690 1713 1771 1770 malim

305 1851 344 1914 ³),
542 1841 550 1866 ,
630 1841 694 1928 ,β,
746 1847 769 1909 Δ
812 1847 833 1908 f
873 1866 935 1907 m·
1038 1790 1306 1892 odoremlemuiis
1326 1793 1479 1894 excitavit,
1498 1799 1772 1878 utmatitieasfuge-

281 1871 446 2047 Ξῗνδοέἱῖῖς
459 1849 577 2044 2⁶:²84,
591 1868 812 2026 ἒὲινοζῗονέοῗ
825 1869 930 2042 {lim
1039 1891 1102 1935 rent
1118 1879 1291 1957 ancillasque
1302 1881 1436 1939 Thracias
1450 1885 1631 1960 asciscerent,
1644 1907 1708 1964 quas
1721 1909 1772 1946 uxo·

304 2006 315 2019 ·
708 1997 723 2027 ’ἱ

1038 1985 1102 2023 rum
1125 1967 1190 2024 loco
1205 1968 1353 2029 habereut.
1375 1973 1415 2027 At
1434 1991 1493 2029 uon
1515 1974 1633 2052 impune
1652 1975 1771 2048 feceriut,

282 2059 396 2138 τέλειός
411 2062 494 2127 e’ott·
512 2047 603 2142 τῶνδ’
618 2057 678 2149 ἐγὼ
690 2055 860 2146 παραίτιος.
1038 2055 1116 2134 quod
1131 2055 1266 2135 conjuges
1290 2057 1488 2135 repudiarunt.
1511 2065 1564 2120 Hae
1585 2063 1657 2122 enim
1671 2067 1770 2142 utigno-

268 2200 391 2260 Videtur
401 2199 498 2276 aliqua
511 2197 661 2256 altercatio
673 2208 735 2253 orta
749 2194 836 2253 luisse
849 2196 925 2255 inter
940 2201 994 2255 Ve-
1038 2163 1154 2201 mmmm
1177 2165 1193 2202 a
1214 2158 1322 2204 mamb
1345 2161 1494 2224 acceptam
1521 2165 1671 2228 Pumf‘nlt
1696 2174 1771 2212 ⁰¹¹¹¹¹⁸⁵

230 2309 326 2349 nerem
341 2300 370 2346 et
385 2292 532 2361 Danaum,
548 2305 638 2364 quum
655 2284 702 2342 illa
720 2284 797 2342 hunc
818 2284 994 2346 crudelitatis

228 2389 384 2437 accerseret.
400 2378 446 2436 Ad
461 2376 536 2434 hauc
552 2373 767 2432 altercationem
787 2375 907 2433 fortasse
926 2395 993 2452 per·

230 2466 313 2524 tinuit
324 2484 424 2524 versus
434 2477 464 2522 et
478 2463 554 2542 apud
567 2463 637 2521 alios
649 2463 754 2520 multos
763 2462 869 2521 citatus
878 2476 906 2521 et
915 2464 992 2542 apud

229 2553 321 2614 Schol.
333 2553 482 2633 Aristoph.
497 2550 572 2610 Nub.
589 2551 684 2611 1128:

1039 2253 1093 2290 una
1114 2246 1199 2291 nocte
1218 2234 1296 2292 viros
1318 2249 1493 2293 necaverunt
1515 2252 1620 2315 praeter
1640 2239 1771 2299 Thoantem

1038 2340 1148 2399 regem,
1165 2342 1249 2400 quem
1269 2322 1327 2380 lilia
1341 2325 1520 2404 Hypsipyle,
1534 2327 1595 2386 sive
1612 2332 1717 2406 Hypso,
1729 2351 1771 2406 quo

1037 2410 1153 2469 nomine
1167 2411 1203 2468 ab
1217 2411 1278 2469 aliis
1293 2425 1392 2469 vocata
1407 2425 1467 2483 est,
1482 2435 1519 2474 ex
1533 2417 1610 2475 caede
1624 2418 1739 2475 servarit.

1077 2500 1216 2558 Facinore
1226 2500 1325 2559 deletis
1335 2500 1404 2558 viris
1419 2503 1536 2579 accidit,
1546 2518 1578 2562 ut
1592 2526 1647 2564 non
1659 2506 1771 2564 itamulto

1037 2601 1103 2670 post
1117 2589 1292 2667 Argonautae
1312 2588 1435 2648 Colchos
1449 2589 1624 2670 na'iigarent.
1639 2593 1674 2652 lli
1694 2594 1770 2671 prelio

1038 2677 1164 2756 primum
1191 2678 1268 2735 facto
1292 2677 1387 2734 navali
1413 2697 1478 2738 cum
1507 2681 1665 2758 Tyrrhenis
1690 2681 1770 2739 insulas

1038 2765 1239 2838 incolentibus,
1249 2763 1530 2844 deindetempestate
1536 2770 1644 2848 jactati,
1654 2781 1770 2848 postremo

1038 2854 1173 2913 omnibus
1195 2855 1276 2913 malis
1299 2855 1450 2912 exantlatis
1465 2857 1500 2915 ad
1524 2863 1660 2918 Lemnum
1675 2858 1770 2916 insulan

1037 2944 1186 3022 naufragio
1203 2943 1286 3022 ejecti
1307 2952 1382 3002 sunt.
1397 2944 1507 3018 Quibus
1524 2947 1674 3026 compertis
1686 2949 1768 3024 Hypsi-

1037 3034 1104 3112 pyle
1119 3034 1218 3112 regina
1232 3033 1333 3094 insulae
1345 3036 1433 3096 mittit
1446 3037 1578 3110 nuncios,
1590 3038 1638 3114 qui
1649 3041 1769 3111 Argonau-

1038 3135 1131 3181 tarum
1158 3122 1310 3181 adveutum
1336 3126 1521 3205 explorarent
1547 3125 1768 3198 renunciarentque

1037 3211 1108 3290 quid
1130 3211 1171 3270 illi
1196 3213 1308 3271 consilii
1329 3213 1436 3273 habere
1452 3215 1627 3272 riderentur.
1648 3211 1768 3286 seprius

1036 3300 1156 3378 quidem
1173 3299 1298 3358 adventu
1311 3304 1436 3362 Lemniae
1451 3303 1538 3362 armis
1553 3323 1618 3360 cum
1629 3295 1767 3376 Argonautis

1037 3388 1191 3466 confligere
1207 3401 1312 3467 paratae
1326 3404 1417 3464 erant,
1428 3390 1533 3450 deinde
1545 3389 1692 3448 sedatiores
1702 3383 1767 3442 satim

1037 3476 1181 3536 ducebant
1200 3498 1300 3555 pacem
1322 3479 1417 3538 facere
1437 3479 1588 3558 laetiusque
1601 3477 1668 3535 inire
1680 3491 1766 3532 eacou·

1038 3567 1167 3640 ditione,
1186 3580 1218 3624 ut
1231 3573 1401 3643 Argonautae
1417 3587 1512 3626 secum
1527 3587 1587 3625 rem
1599 3563 1694 3624 habere
1703 3571 1765 3634 atque

1036 3656 1627 3734 coirevellent.Consenseruntdrgonautae
1635 3647 1765 3726 receptique
1805 3717 1806 3730 ἢ

1036 3758 1103 3802 sunt
1120 3757 1225 3823 praeter
1237 3744 1408 3823 Herculem,
1422 3744 1472 3822 qui
1486 3740 1647 3820 hujusmodi
1658 3735 1761 3830 mulieres
1805 3747 1806 3790 t

1036 3845 1202 3912 aspernatus
1218 3853 1277 3890 rem
1298 3853 1328 3891 se
1349 3831 1517 3890 habiturum
1532 3851 1598 3890 cum
1619 3829 1650 3887 iis
1667 3831 1761 3923 negaui·
1805 3831 1806 3870 ἓ

226 3966 309 4046 lna]
326 3954 456 4030 Ψευδῶν
477 3954 512 4031 δὲ
530 3959 631 4052 καιρὸν
648 3963 709 4031 ἔσθ’
727 3965 803 4032 ὅπου
817 3967 893 4054 τιμᾷ
915 3962 990 4042 θεός.
1037 3922 1194 4022 lemanem
1224 3921 1311 3998 igitur
1335 3922 1376 3979 iffi
1403 3921 1582 4000 aliquantum
1606 3930 1724 3992 rempous
1743 3925 1763 3962 m
1805 3973 1806 3984 ²

1035 4010 1146 4079 ansula3
1165 4029 1223 4086 quo
1244 4010 1342 4088 elapso
1362 4008 1458 4068 denuo
1481 4027 1584 4067 navem
1605 3995 1764 4064 conscendunt

226 4097 359 4173 Denique
387 4097 579 4172 fragmentum
618 4097 761 4174 tragoediae
789 4112 880 4157 exstat
914 4098 990 4176 apud
1035 4098 1110 4156 iuter
1130 4117 1260 4174 magnam
1277 4099 1450 4157 laetitiamet
1467 4099 1552 4172 festa,
1568 4083 1763 4175 quantaeuis
1805 4115 1806 4172 t

227 4185 422 4261 Hesychium,
449 4185 529 4263 quod
554 4205 612 4262 quo
644 4185 825 4245 referendum
851 4188 908 4264 sit,
932 4207 990 4245 non
1035 4188 1064 4246 in
1087 4188 1201 4244 illorum
1224 4187 1364 4247 honorem
1384 4189 1591 4259 instituuntur;
1608 4193 1695 4262 postea
1711 4190 1762 4252 pto·
1805 4173 1806 4258 l

226 4285 360 4354 constat:
382 4272 464 4352 [112]
485 4301 497 4324 s
513 4272 682 4354 Kadalpopat
705 4278 832 4356 γῆραςμ
852 4274 989 4354 triticum.
1035 4275 1211 4333 ficiscuntur.
1739 4343 1750 4356 Η
1805 4261 1806 4334 l

228 4360 358 4442 Αἰσχύλος
372 4362 497 4421 Δαναΐσιν
517 4362 620 4442 (codex
644 4361 734 4441 δαίσι).
754 4368 886 4423 Fortasse
900 4365 992 4423 Danai
1075 4370 1301 4441 Argumentum,
1313 4362 1391 4440 quod
1402 4361 1540 4440 exposui,
1551 4359 1638 4420 tribus
1649 4345 1762 4448 trega-'tlts
1805 4365 1806 4368 ’

227 4463 270 4510 est
282 4451 432 4510 victoriam
445 4451 474 4509 in
484 4451 595 4530 judicio
605 4452 666 4530 jam
678 4453 830 4530 sperantis.
1036 4452 1186 4528 AEschylus
1197 4451 1353 4529 explicasse
1364 4451 1477 4525 dicitur,
1488 4455 1562 4528 Argo
1573 4449 1630 4509 sive
1643 4455 1760 4509 tantatus

226 4543 1760 4582 Μ

227 2725 308 2804 [109]
328 2715 559 2784 barteimaiaus
579 2741 627 2784 τοι
652 2713 789 2809 μηχανὰς
815 2715 991 2812 Αἰγύπτιοι.

227 2857 325 2927 Quum
349 2854 435 2912 filiam
458 2853 536 2912 dicto
563 2852 618 2912 sibi
633 2853 796 2913 audientem
825 2873 885 2912 non
907 2855 994 2914 fuisse

176 3011 179 3018 ι
227 2941 349 3020 ideoque
372 2941 476 3000 laesisse
496 2941 631 3019 pietatem
654 2955 802 3020 argueret,
827 2954 877 2999 aut
895 2947 993 3001 Venus

227 3045 277 3090 aut
291 3032 353 3109 ipsa
369 3035 594 3109 Hypermnestra
613 3050 660 3104 ea,
675 3051 739 3108 quae
753 3042 820 3090 sunt
833 3031 911 3110 apud
925 3037 994 3092 Sto·

227 3117 320 3177 baeum
347 3124 436 3178 Serm.
461 3124 520 3192 tx,
539 3121 593 3191 23,
614 3131 643 3178 et
664 3121 849 3178 Scholiastam
872 3123 993 3180 Homeri

227 3208 259 3265 Il.
272 3212 312 3281 B,
331 3216 395 3276 114,
411 3207 650 3287 Eustathiumque
669 3227 699 3286 p.
722 3210 786 3282 188,
805 3215 992 3288 4111111011-

227 3295 302 3354 disse
315 3293 429 3354 videtur
441 3316 449 3353 1

226 3429 308 3511 [¹¹⁰]
326 3413 458 3504 Ᾱπᾶῒης
480 3415 598 3504 δικαίας
617 3427 672 3494 οὐκ
688 3425 861 3493 ἀποστατεῖ
875 3424 958 3504 θεός·

227 3577 256 3623 et
272 3566 390 3624 sortasse
403 3585 519 3623 versum
534 3565 639 3638 alium,
656 3564 705 3643 qui
719 3564 787 3622 huic
801 3563 897 3622 statim
910 3563 992 3641 quasi

226 3655 379 3712 continuus
395 3655 471 3732 apud
485 3654 603 3713 Sextum
618 3653 648 3711 in
661 3651 772 3711 Fabric.
784 3650 857 3710 Bibl.¹
870 3653 920 3712 Gr.
935 3654 991 3710 vol.

181 3790 186 3801 ·
225 3752 294 3821 ΧΠ,
306 3771 334 3828 p.
346 3750 404 3807 626
416 3748 576 3827 subjicitur,
588 3749 618 3807 in
629 3768 687 3826 quo
698 3748 746 3805 illa
758 3746 901 3821 defendit,
913 3746 992 3825 quod

227 3838 368 3915 promisso
383 3857 442 3896 non
454 3837 566 3896 steterit
582 3858 589 3894 ε

577 4630 643 4683 ¹⁰⁸⁰
1089 4695 1168 4754 Valri
1180 4695 1216 4754 ad
1230 4695 1379 4754 nectendas
1389 4628 1506 4753 iiiiiilias
1520 4691 1645 4770 AEgyptii.

1177 4847 1285 4920 Ajusta
1297 4780 1395 4978 fraud}
1404 4779 1473 4978 illius
1489 4862 1545 4904 non
1557 4840 1660 4904 recedit.

1405 4932 1413 4979 l
1441 4965 1447 4978 .

261 4738 408 4792 Penetrare
422 4741 524 4792 terram
544 4751 630 4808 purus
642 4734 688 4792 ille
703 4735 790 4792 aether
807 4735 902 4807 cupit,

261 4814 338 4888 cupit
349 4814 470 4872 vicissim
484 4824 556 4872 terra
570 4815 697 4890 conjugio
711 4815 785 4872 bui:

261 4892 298 4948 ab
312 4901 423 4950 amante
438 4895 508 4950 coelo
517 4894 641 4952 delluens
655 4905 758 4952 terram
769 4893 853 4953 simul

260 4970 395 5030 fecundat
410 4974 505 5044 imber,
519 4975 567 5052 illa
586 4976 694 5033 mortali
709 4975 782 5047 parit

261 5051 365 5108 cereale
381 5053 472 5125 generi
485 5069 596 5127 germen
611 5063 639 5112 et
655 5063 749 5128 pastus
759 5069 889 5128 gregnm3

262 5131 451 5188 llaturitatem
464 5133 512 5190 dat
525 5150 603 5191 suam
617 5134 763 5192 arboribus
774 5150 884 5207 quoque

263 5210 359 5269 mador
367 5212 586 5271 maritus:ceusa
596 5223 625 5271 at
633 5213 988 5285 hiacumtisegouaror.

1034 4997 1241 5056 mendaciorum
1263 4997 1498 5070 opportunitatem
1520 5006 1562 5054 est
1584 4991 1628 5052 ubi
1651 4987 1707 5043 deus
1726 4987 1756 5028 tt
1805 4991 1806 4994 ’

1694 5052 1754 5112 eoltt.

1065 5229 1190 5279 8111111111
1203 5240 1275 5278 exuo.
1385 5157 1448 5209 m·
