3680 5790
228 353 285 408 ³50

226 481 303 540 aum
316 476 467 536 consolans
477 472 641 550 aliquis‚·si
655 471 735 548 quod
753 481 796 529 est
812 468 890 549 apud
905 465 985 528 stob.

226 569 331 640 cvm,
342 565 390 640 51,
403 565 460 624 huc
479 561 661 624 referendum
678 573 730 630 est,
744 561 800 620 ait:

227 689 311 772 [att]
321 685 461 779 Στέργιιν
471 673 873 750 &tabennensiotae
882 675 988 767 πρέπει

318 799 407 892 σοφὸν
425 791 585 883 subeor-la,
599 791 679 863 ἀλλὰ
694 799 734 888 μὴ
750 793 862 860 οτίνιιν
880 790 987 882 τύχην.

228 925 239 1006 l
247 927 377 986 Alterum
392 945 505 987 versum
518 925 580 985 sine
594 924 708 983 nornine
723 933 815 1000 poetae
828 919 915 979 allert
927 921 989 978 lle·

228 1015 310 1093 aych.
327 1037 353 1074 v.
368 1011 527 1089 Kodrorlv.)
540 1017 673 1072 Fortasse
684 1011 769 1070 etiam
784 1007 862 1069 aliud
873 1007 990 1067 incertae

229 1103 375 1182 tragoediae
387 1103 576 1180 fragmentum
592 1099 669 1179 apud
680 1098 762 1159 Stob.
777 1099 916 1169 XCVIII,
932 1095 989 1168 46,

228 1191 310 1253 chori
320 1203 374 1270 est,
389 1191 440 1271 qui
453 1189 648 1251 illascntentia
657 1186 798 1247 conclusit
809 1183 991 1264 tragoediam:

229 1330 313 1411 [569]
328 1328 405 1392 zen
422 1349 468 1402 τις
486 1323 649 1415 ἀνθρώπων
665 1319 700 1388 τὸ
716 1319 786 1386 κατ’
805 1311 888 1406 ἦμαρ
909 1317 991 1391 ὅπως

230 1423 345 1517 ’ἥδιστα
363 1440 529 1532 πορσύνων,
546 1437 583 1504 τὸ
602 1423 632 1502 δ’
652 1435 681 1514 te
698 1435 798 1526 aripret
816 1431 861 1498 risi
878 1429 990 1520 τυφλὸν

898 1547 989 1638 ἕρπει.

538 1693 650 1712 ψ

356 1801 538 1890 VARIA
573 1797 869 1888 HISTORIA.

551 1964 673 2026 IXION.

200 2085 204 2094 ¹
273 2101 368 2161 Schol.
382 2099 476 2179 Apoll.
490 2097 525 2156 ad
540 2101 649 2174 Argon.
661 2100 719 2170 1v,
737 2102 770 2163 ι4
785 2116 792 2152 ι
806 2095 886 2176 nepe
898 2093 995 2175 abidan

233 2189 369 2272 Σοφοκλῆς
381 2189 408 2248 ἰν
421 2185 507 2255 Ἰξίονι
517 2183 601 2266 [570]
614 2212 626 2238 o
638 2183 743 2264 δίψιονι
757 2183 820 2260 φησὶ
834 2183 865 2244 rb
880 2183 996 2263 βιὸλιιμ-

234 2277 320 2357 μένον.
343 2277 397 2340 Kal
419 2275 556 2354 Ὅμηρος,
577 2273 737 2354 Πολυδῖψιον
760 2271 853 2352 Ἄργος
871 2271 995 2348 ἱκοίμην·

233 2366 360 2433 πολλάκις
379 2365 569 2446 βιόλαμμίνον.
587 2369 727 2423 Praeterea
748 2363 820 2422 nihil
839 2361 876 2420 de
894 2361 996 2420 Ixione

235 2455 374 2532 tragoedia
386 2453 464 2533 apud
480 2465 592 2511 veteres
609 2451 762 2530 reperitur.
782 2455 882 2529 Itaque
900 2448 996 2509 Welc·

235 2545 319 2602 herus
332 2541 484 2621 Sophoclis
495 2559 601 2600 nomen
613 2560 678 2598 curn
700 2537 829 2616 AEschyli
845 2549 993 2617 permuta-

236 2643 296 2692 tum
310 2650 372 2690 esse
384 2630 545 2710 suspicatus
559 2641 613 2688 est.

562 2784 670 2802 ..⁴—

520 2874 713 2936 SISYPIIUS.

275 3010 446 3086 Hesychius:
456 3011 552 3085 Ζιῦγος
560 3004 730 3088 τριπᾶρθινον
742 3026 748 3040 ·
762 3003 906 3083 Εὐριπίδης
918 3003 998 3084 Ἐρι·

236 3103 308 3180 glai·
319 3098 366 3157 sal
380 3099 517 3178 Σοφοκλῆς
530 3093 638 3176 Σισύφῳ
655 3095 738 3172 [571]
752 3094 895 3174 «Χαρίτων
908 3091 999 3176 τριζύ-

236 3209 300 3266 γιιν.
311 3215 324 3240 ν
332 3186 418 3247 Nulla
433 3187 488 3246 alia
495 3184 581 3262 hujus
593 3182 741 3262 tragoediae
749 3185 887 3245 memoria
898 3196 999 3244 exstat.

237 3276 309 3336 Vide
322 3274 452 3352 AEsohyli
468 3272 636 3353 Sisyphum.

528 3415 713 3442 -αομ-

508 3517 731 3579 MELEAGER.

277 3647 343 3704 Non
358 3643 427 3717 satis
441 3653 565 3714 constat,
577 3641 723 3719 quodnam
741 3641 829 3699 luerit
846 3661 1001 3718 argumen-

240 3725 298 3792 tum
318 3731 480 3809 tragoediae,
498 3749 562 3808 qum
577 3730 717 3808 inscripta
738 3730 792 3789 luit
805 3732 921 3790 nominc
936 3735 1001 3790 hle-

238 3819 338 3896 lcagri.
357 3823 459 3897 licque
485 3819 561 3877 enirn
586 3817 725 3878 credibile
749 3831 793 3877 est
819 3820 1001 3878 renationem

239 3907 427 3985 Calydonium
448 3906 622 3985 descriptam
640 3925 702 3966 esse
723 3920 858 3985 aposta,
877 3906 908 3966 id
923 3909 1001 3986 quod

774 326 983 394 soruocurs
1004 323 1251 386 FRAGMENTA.

1037 458 1142 536 gestis,
1154 459 1282 520 exercitu
1300 458 1397 518 ducto.
1410 457 1465 520 llic
1480 457 1558 518 ultra
1571 456 1695 518 Indiam
1707 457 1796 534 {suod-

1038 546 1118 628 nnrn)
1138 549 1198 608 lieri
1218 548 1291 608 dixit
1306 568 1323 606 e
1337 547 1463 608 lacrimis
1479 545 1706 624 meleagridum
1719 551 1796 606 ariarr

1039 637 1212 715 Meleagrum
1228 635 1404 696 deflentium.
1420 633 1507 708 Quod
1524 647 1554 694 et
1566 633 1737 694 credidisse
1749 655 1800 695 ean

1040 723 1085 785 rel
1096 743 1226 804 sperasse
1234 723 1299 784 aliis
1309 722 1475 802 persuaderi
1488 742 1578 800 posse
1587 723 1661 800 quis
1668 743 1730 780 non
1739 727 1803 784 mire

1040 815 1102 872 tur?
1123 831 1248 890 quamve
1266 811 1420 890 pueritiam
1445 823 1503 870 tam
1529 811 1711 888 imperitam
1734 832 1801 890 possa

1040 899 1171 979 reperiri,
1183 919 1248 978 quae
1263 900 1360 960 avium
1376 899 1505 977 ploratus
1519 919 1643 958 anuuos
1662 901 1803 960 credatla-

1040 989 1180 1050 erimasve
1190 1001 1248 1048 tam
1260 988 1381 1067 grandes
1391 1005 1541 1066 avesquee
1553 989 1690 1060 Gracia,
1702 987 1752 1046 ubi
1759 995 1806 1048 lle·

1040 1077 1235 1156 leogerperiit,
1243 1077 1389 1156 ploratum
1402 1075 1457 1144 isse
1467 1075 1496 1134 in
1506 1075 1626 1135 Indos?
1638 1075 1723 1150 Quid
1734 1081 1809 1154 ergol

1042 1183 1099 1224 non
1112 1165 1200 1224 multa
1214 1183 1294 1244 reque
1309 1162 1438 1224 sabulosa
1450 1163 1584 1243 produnt
1604 1167 1753 1240 poeta?-
1769 1178 1810 1221 etc

1041 1253 1072 1314 Si
1096 1251 1145 1311 hic
1167 1251 1248 1312 locus
1262 1250 1447 1330 extragoedia
1461 1251 1610 1330 repetitus
1620 1263 1683 1324 est,
1697 1251 1812 1312 dubitari

1043 1361 1101 1398 non
1112 1352 1207 1420 potest
1217 1339 1288 1419 quio
1299 1359 1378 1400 mors
1390 1338 1528 1417 Meleagri
1534 1351 1567 1398 et
1579 1359 1729 1398 sororum
1744 1341 1813 1398 lletm

1043 1442 1071 1488 ct
1091 1429 1242 1488 conversio
1255 1428 1285 1488 in
1300 1449 1368 1488 ares
1383 1429 1412 1486 in
1431 1427 1569 1505 tragoedia
1591 1441 1763 1486 memorata
1779 1431 1813 1486 sit

1044 1521 1181 1576 Praeterea
1193 1515 1300 1575 chorus
1307 1535 1344 1575 ex
1351 1513 1548 1574 sacerdotibus
1560 1517 1756 1593 compositus
1765 1537 1814 1574 esse

1044 1604 1161 1676 dicitur,
1174 1615 1205 1662 ut
1218 1614 1261 1662 est
1270 1602 1349 1682 apud
1361 1603 1450 1661 schol.
1461 1602 1499 1660 ad
1510 1607 1602 1662 Hom.
1616 1603 1709 1662 Iliad.
1720 1605 1743 1676 I,
1755 1607 1813 1676 5552

1044 1691 1127 1771 [572]
1143 1689 1183 1750 dar
1203 1691 1317 1750 Ιντιῦθιν
1338 1689 1474 1770 Σοφοκλῆς
1494 1689 1522 1748 ts
1538 1693 1581 1770 τῷ
1602 1689 1763 1771 Μελεάγρῳ
1780 1695 1812 1750 :is

1044 1779 1122 1862 χορὸν
1132 1777 1184 1838 ἀπὸ
1193 1780 1245 1838 τῶν
1253 1775 1344 1859 ispius
1355 1775 1517 1858 παρήγαγεν.
1527 1780 1566 1838 Et
1577 1778 1664 1838 alius
1676 1779 1812 1838 scholiasta
1831 1728 1833 1834 i

1046 1869 1184 1942 chorum,
1200 1867 1251 1945 qui
1265 1880 1308 1926 est
1320 1866 1351 1924 in
1363 1865 1479 1947 oudipo
1493 1885 1585 1944 rege,
1600 1883 1769 1946 comparat.
1783 1874 1813 1928 Ει
1833 1894 1834 1946 y

1047 1957 1090 2016 his
1113 1954 1268 2016 concludas
1292 1953 1413 2014 chorum
1439 1955 1654 2014 introductum
1682 1958 1814 2036 Meleagri

1049 2047 1144 2108 rnoltis
1158 2045 1293 2126 precibus
1307 2045 1532 2127 supplicantium
1553 2059 1588 2104 et
1601 2047 1635 2104 in
1649 2047 1739 2106 urbis
1752 2049 1815 2106 obsi-
1834 2056 1835 2130 l

1048 2137 1132 2198 dione
1143 2136 1282 2196 auxilium
1294 2137 1462 2216 petentium.
1472 2139 1546 2210 Quae
1560 2150 1671 2196 autem
1686 2138 1724 2197 de
1734 2139 1817 2196 titione
1834 2131 1835 2138 '

1049 2226 1100 2285 illo
1117 2227 1212 2298 lateii,
1226 2225 1263 2284 de
1284 2245 1343 2303 quo
1354 2224 1413 2282 rita
1429 2224 1571 2302 Meleagri
1582 2226 1777 2304 pependerit,
1792 2227 1817 2284 ab
1835 2218 1836 2252 λ

1048 2315 1156 2375 (lvidie
1167 2314 1287 2393 aliisque
1300 2311 1491 2391 scriptoribus
1501 2327 1696 2388 narrantur,
1718 2336 1818 2394 prorsas

1049 2401 1203 2482 rejicienda
1216 2414 1292 2462 sunt.
1310 2400 1420 2462 Fabula
1441 2400 1519 2458 enim
1539 2400 1594 2459 illa
1616 2416 1763 2462 constare
1777 2425 1817 2460 nos

1049 2502 1154 2572 potest,
1166 2491 1221 2550 uisi
1238 2489 1333 2550 statim
1351 2489 1502 2548 venatione
1515 2503 1646 2568 peracta
1663 2493 1733 2569 apri
1751 2492 1818 2567 Caly·

1051 2577 1236 2638 doniicutem
1246 2578 1387 2656 Meleager
1395 2577 1536 2636 Atalantae
1546 2576 1695 2652 donarit,
1709 2600 1818 2638 arunte

1051 2667 1104 2740 los,
1118 2669 1168 2746 qui
1180 2669 1223 2726 illi
1239 2687 1302 2726 eant
1315 2665 1491 2740 ademerunt,
1502 2666 1677 2742 interfecit,
1694 2671 1817 2728 materh
1837 2695 1838 2698 ¹

1052 2756 1121 2814 lium
1142 2756 1244 2816 tilione
1258 2756 1288 2814 in
1305 2755 1401 2832 ignem
1421 2753 1556 2832 conjecto
1579 2755 1756 2816 interemit
1771 2762 1813 2816 Ha
1836 2707 1839 2850 J

1052 2863 1121 2903 rero
1140 2864 1198 2902 non
1220 2843 1398 2922 procedunt,
1412 2843 1436 2902 si
1448 2862 1609 2923 comparas
1634 2849 1818 2922 quassantia
1838 2855 1839 2860 ’

1052 2930 1218 3010 fragmentis
1230 2944 1352 2991 servata.
1371 2936 1598 3010 Peropportune
1624 2934 1741 2993 accidit
1760 2936 1820 3012 quau

1052 3020 1101 3080 illo
1133 3020 1229 3079 omnia
1262 3017 1473 3098 antiquioribus
1502 3021 1716 3097 scriptoribus
1743 3024 1821 3100 ignou

1054 3111 1141 3171 luisse
1150 3111 1295 3184 videntur,
1307 3129 1340 3168 ac
1354 3110 1451 3168 nescio
1466 3129 1502 3170 an
1515 3123 1617 3170 totum
1634 3127 1821 3171 commentare

1054 3199 1214 3260 adscribam
1239 3199 1382 3278 Ettripidi.
1405 3199 1556 3278 Egregium
1572 3200 1654 3260 huic
1678 3205 1726 3262 rei
1748 3204 1822 3262 tuen

975 3327 978 3332 -
1054 3287 1161 3348 alludit
1175 3288 1320 3348 Diodorus
1334 3287 1446 3348 Siculus
1457 3292 1509 3356 IV,
1522 3289 1573 3362 34,
1588 3291 1647 3367 qui
1659 3312 1821 3370 quamquam

1055 3391 1207 3456 utramque
1230 3375 1355 3436 fabulam
1374 3387 1533 3448 memorat,
1560 3389 1670 3438 tamen
1692 3383 1822 3460 potiorem

1055 3485 1116 3526 esse
1127 3465 1204 3526 illam
1217 3466 1268 3539 ait,
1276 3483 1333 3544 qua
1344 3463 1489 3544 Meleager
1498 3465 1602 3526 Furiis
1616 3487 1636 3525 a
1648 3470 1823 3527 matreium

1055 3555 1127 3614 catis
1136 3554 1286 3614 interierit.
1297 3551 1417 3613 accedit
1426 3553 1504 3630 quod
1514 3555 1697 3616 sacerdotes
1711 3560 1740 3615 ira
1750 3559 1822 3614 chom

1055 3641 1166 3702 inducti
1180 3654 1266 3721 sunt,
1282 3639 1435 3719 aquibus,
1449 3651 1482 3699 ut
1492 3653 1538 3698 est
1551 3643 1639 3720 apud
1657 3651 1823 3708 Homerum.

1056 3751 1115 3790 non
1128 3742 1323 3810 permovetur.
1335 3733 1438 3802 Recte3
1449 3748 1515 3787 uam
1527 3733 1581 3807 qni
1599 3735 1704 3792 Furiis
1717 3734 1823 3792 derotm¹

1057 3820 1125 3887 luit,
1144 3817 1194 3897 qui
1212 3817 1346 3877 mortales
1358 3815 1458 3876 audire
1469 3818 1588 3895 potuit?

1095 3909 1239 3994 Meleager
1248 3906 1336 3984 igitur
1345 3906 1458 3965 videtur
1469 3925 1486 3963 a
1498 3919 1588 3984 poeta
1598 3907 1669 3968 talis
1676 3911 1824 3989 descripte

241 3997 349 4056 lactum
368 4009 411 4055 est
431 3994 467 4054 ab
489 3995 644 4075 Euripide,
665 4015 760 4073 neque
779 4016 905 4076 pugnam
928 3997 1004 4056 inter
1057 4017 1136 4069 esse,
1158 3995 1208 4074 qni
1228 3995 1323 4054 animo
1341 4006 1453 4052 tantum
1471 3991 1633 4072 indulgens
1647 4018 1705 4056 suo
1722 4017 1766 4056 res
1780 3997 1818 4056 ha

240 4085 353 4142 AEtolos
363 4097 392 4143 et
403 4089 522 4144 Curetes
536 4083 641 4156 solam,
654 4103 750 4164 neque
763 4085 834 4144 illud
849 4105 1002 4164 argumen-
1058 4103 1155 4144 manas
1165 4095 1368 4142 contemneret.
1380 4085 1439 4142 Suo
1455 4079 1575 4141 demum
1598 4086 1739 4162 periculo
1755 4106 1823 4144 mae

244 4183 305 4229 tum
325 4172 468 4247 tragoedia
491 4172 594 4247 luisse,
612 4173 691 4250 quod
711 4175 857 4233 memoriae
872 4175 1005 4252 Hyginus
1060 4185 1206 4245 moretur,
1220 4183 1253 4230 ut
1263 4169 1336 4229 urbe
1348 4183 1515 4250 oppugnata
1535 4171 1656 4232 hostem
1678 4175 1823 4254 profliget;

241 4258 311 4320 Fab.
328 4270 380 4332 ¹74
398 4259 525 4337 prodidit
535 4273 586 4318 aut
604 4261 803 4338 Apollodorus
823 4264 902 4336 I,8‚
920 4265 1004 4322 1-3.
1059 4261 1177 4340 atipse,
1197 4279 1282 4338 quern
1306 4260 1434 4318 mortalis
1452 4279 1538 4319 nemo
1552 4279 1704 4340 superare
1727 4265 1823 4342 potuit,

242 4353 337 4408 Locus
350 4348 467 4424 insignis
477 4361 530 4420 est,
542 4349 645 4425 quoad
658 4351 781 4409 certiora
792 4352 1004 4428 perveniamus,
1058 4351 1216 4430 pertinacia
1228 4369 1279 4409 sua
1291 4349 1431 4408 instinctu
1441 4350 1599 4409 Furiarum
1613 4353 1705 4430 perit.
1717 4359 1823 4414 Necesse

242 4429 320 4517 apud
343 4437 468 4497 Plinium
480 4441 636 4507 XXXVII,
656 4457 684 4511 a,
708 4459 738 4496 ιι
756 4462 762 4498 :
777 4443 1004 4510 «superomnes
1060 4440 1116 4500 luit
1138 4440 1215 4497 inter
1235 4439 1295 4496 haec
1314 4439 1468 4498 memorari
1496 4441 1689 4500 venationem
1711 4442 1822 4518 Calydo

243 4539 286 4587 est
303 4525 480 4607 Sophocles,
504 4526 629 4604 tragicus
654 4539 754 4605 poeta,
771 4526 850 4605 qnod
871 4529 1005 4606 equidem
1060 4529 1155 4600 niam,
1170 4540 1203 4585 ut
1216 4537 1392 4604 spectatores
1404 4527 1528 4600 scirent,
1547 4531 1710 4606 quomodo
1731 4534 1821 4588 lacurn

244 4617 343 4692 miror,
359 4628 437 4698 tanta
449 4615 590 4694 gravitate
600 4614 738 4674 cothurni
752 4630 780 4676 et
792 4630 929 4695 praeterea
941 4619 1006 4678 vitae
1060 4629 1134 4676 esset
1146 4628 1177 4673 ut
1191 4615 1285 4676 Furiae
1297 4615 1473 4693 Meleagrum
1485 4631 1751 4694 persequerentur.
1763 4617 1822 4676 iteh-

244 4704 328 4781 lama,
342 4705 412 4764 alias
426 4705 557 4784 principe
571 4705 636 4764 loco
648 4705 760 4783 genitus
775 4704 906 4785 Athenis,
919 4707 1006 4767 rebus
1060 4725 1118 4783 qua
1128 4723 1248 4783 prorsus
1259 4704 1438 4780 ignorantur.
1448 4703 1542 4764 Facile
1552 4717 1652 4763 autern
1663 4706 1823 4782 intelligitur

244 4837 386 4850 -ι-
1601 4834 1822 4852 -ῌ

596 4901 658 4953 568.

245 4984 409 5042 &amotum
425 4999 484 5041 esse
497 4985 530 5042 iis
543 4999 604 5058 quae
616 4983 765 5041 exciderint
780 4992 807 5040 et
820 4988 894 5041 recte

573 5079 736 5137 componere
751 5061 831 5120 decet

247 5151 397 5225 sapientem
409 5152 563 5221 aleatorem,
575 5159 603 5210 at
613 5169 668 5210 uon
678 5151 822 5210 lamentari
832 5156 952 5210 fortuna.

1408 4899 1471 4953 569.

1060 4986 1142 5042 Vivat
1153 4985 1252 5058 aliquis
1265 4983 1407 5043 bominum
1421 4982 1496 5056 quod
1512 4982 1574 5040 dies
1589 4981 1697 5042 alferat
1712 5001 1790 5059 quant

1060 5066 1220 5124 suavissime
1234 5081 1267 5123 eo
1287 5063 1456 5132 delectatum
1469 5062 1546 5136 quod
1557 5079 1620 5122 eras
1641 5066 1718 5138 erit,
1732 5077 1823 5123 mma

1413 5169 1523 5226 semper
1533 5153 1653 5210 coemit.
