3656 5798
175 414 233 468 ²1⁸
736 393 914 458 ascitum
935 391 1184 454 FRAGMENTA.

988 547 1045 605 qua
1059 529 1141 588 tectis
1152 547 1226 609 opus
1236 547 1314 604 esse,
1329 526 1352 589 si
1362 531 1471 614 templa
1480 529 1650 593 obtinuerit.
1663 533 1768 590 Tanta

987 617 1074 676 animi
1089 617 1175 676 elatio
1192 617 1285 696 major
1298 618 1352 678 luit
1365 639 1451 698 quam
1466 641 1531 700 qaae
1542 641 1558 680 a
1569 619 1625 680 diis
1639 619 1768 678 tolerari

175 722 241 776 llaec
255 711 332 792 apud
357 711 523 770 Athenaeum
544 715 598 786 IX,
617 731 646 790 p.
660 711 728 788 394,
740 714 772 782 A,
784 709 811 766 br
824 708 862 788 τῷ
877 727 942 786 τροι-
988 720 1093 782 posset,
1108 709 1240 789 inprimis
1253 727 1268 766 a
1283 707 1381 768 liberis
1404 715 1531 784 Latonae,
1543 711 1634 788 quise
1647 730 1664 767 a
1676 729 1768 766 mor-

175 806 242 886 γικῷ
258 805 371 884 Πρωτεῖ.
384 805 447 868 tta
471 799 584 864 codices
600 797 722 875 μέσακτα
735 795 877 880 πλευρὰ
893 817 943 852 σιε-
988 796 1036 853 tali
1058 797 1177 855 muliere
1198 797 1270 856 adeo
1288 811 1470 880 contemptos
1485 799 1633 860 ridebant.
1654 805 1768 878 Itaque

175 889 333 971 πλεγμένην.
480 899 481 904 ’
989 898 1108 944 matrem
1129 887 1229 945 ulcisci
1248 900 1409 948 statuerunt
1430 909 1598 968 poenamqne
1617 908 1632 948 a
1651 901 1769 946 contu-

215 979 302 1059 Apud
323 978 497 1058 Hesychium
514 979 618 1059 legitur
632 1001 639 1037 :
653 977 736 1058 [164]
755 971 942 1048 «balanam
990 978 1081 1034 tinacia
1100 978 1215 1036 mortali
1237 978 1362 1056 exigere.
1385 981 1491 1058 Apollo
1511 979 1614 1039 Niobae
1630 978 1712 1037 filios
1735 979 1767 1036 in

176 1069 252 1129 δεινοί
278 1068 323 1128 καὶ
340 1067 447 1128 ἄαπτοι.
476 1067 607 1150 Αἰσχύλος
630 1069 744 1150 Πρωτεῖ,
760 1086 849 1146 quum
874 1062 943 1124 alibi
988 1067 1768 1148 Cithaeronevenantcsomnessagittispercussitidem-

176 1159 264 1218 addat
274 1161 416 1242 σατυρικῷ.
988 1177 1044 1233 (qtae
1057 1155 1122 1215 fecit
1135 1157 1243 1231 Diana,
1260 1177 1325 1235 qnae
1344 1158 1416 1216 lilius
1435 1157 1539 1216 Niobae
1551 1158 1580 1216 iu
1593 1157 1674 1235 regia
1687 1163 1765 1214 Arn-

485 1278 644 1302 -0000-
989 1245 1104 1324 phionis
1114 1247 1269 1306 interemit.
1279 1246 1380 1305 Inlelix
1397 1259 1478 1324 pater
1491 1246 1585 1324 gladio
1596 1246 1663 1304 vitae
1672 1247 1767 1303 linem

459 1350 652 1434 NIOBEA
988 1334 1135 1414 imposuit,
1146 1335 1239 1396 Niobe
1250 1349 1343 1394 autern
1355 1348 1524 1414 tempestate
1532 1337 1563 1394 in
1573 1335 1698 1413 Lydiam
1715 1333 1765 1391 de

657 1415 666 1432 ’
989 1423 1045 1482 lata
1063 1425 1126 1483 latis
1148 1425 1233 1484 cessit
1255 1427 1387 1504 lapisque
1404 1425 1479 1484 sacta
1501 1437 1553 1484 est.
1574 1429 1619 1484 De
1634 1439 1761 1483 numere

215 1523 323 1585 Tribus
344 1521 489 1602 tragoediis
506 1520 607 1582 Niobea
624 1521 766 1580 infelicem
778 1532 884 1580 sortem
908 1515 945 1576 ab
989 1512 1146 1573 liberorum
1168 1528 1279 1574 veteres
1304 1535 1364 1573 nou
1389 1517 1574 1574 consentiunt
1599 1535 1697 1594 neque
1728 1513 1766 1572 de

177 1615 311 1691 AEscbylo
322 1613 480 1692 expositam
491 1633 552 1672 esse
565 1625 677 1692 putant,
689 1611 742 1670 hac
756 1623 849 1669 tamen
865 1608 945 1666 riro-
989 1604 1064 1678 loco,
1080 1603 1131 1662 ubi
1143 1603 1194 1663 salii
1205 1604 1291 1663 occisi
1301 1615 1369 1663 sunt
1380 1604 1430 1665 :ci
1445 1605 1517 1664 Geli.
1531 1609 1600 1680 XX,
1612 1627 1638 1676 7.

177 1725 240 1763 ram
255 1703 407 1762 doctorum
422 1700 607 1776 dissensione,
622 1715 654 1760 ut
667 1701 834 1760 Welclterus
847 1701 945 1756 Nutri-
1027 1694 1173 1754 Welclseri
1188 1708 1231 1754 est
1246 1695 1388 1754 sententia
1407 1715 1423 1753 a
1443 1708 1528 1774 poeta
1544 1706 1765 1772 argumentum,

176 1792 350 1871 cesprimam
363 1790 537 1870 tragoediam,
556 1790 709 1850 secundam
720 1789 848 1862 Niobam,
863 1789 944 1846 terti·
990 1785 1068 1862 quod
1084 1787 1252 1861 retulimus,
1275 1785 1324 1844 illa
1343 1805 1406 1844 esse
1425 1785 1558 1864 tragoedia
1580 1785 1765 1864 expositum,

177 1904 222 1941 am
240 1878 417 1964 Προπομπούς
431 1881 518 1940 luisse
533 1893 632 1960 putet,
653 1880 701 1940 alii
718 1878 847 1940 ordinem
860 1877 945 1936 labu-
990 1895 1076 1952 qaam
1087 1874 1205 1960 Τροφσύς
1219 1887 1349 1934 vocatam
1363 1894 1424 1934 esse
1438 1877 1486 1934 ait.
1506 1881 1665 1934 Puerorum
1681 1876 1763 1934 enim

176 1968 867 2048 lartunimmutent,Propomposquesecundnm,
880 1966 946 2024 Nio·
991 1964 1159 2044 paedagogos
1183 1965 1304 2043 intelligi
1326 1965 1368 2022 ait
1387 1965 1550 2050 liberosque
1569 1963 1674 2024 Niobae
1700 1985 1763 2022 non

178 2059 244 2118 bam
263 2058 380 2116 tertium
398 2058 494 2116 locum
507 2057 667 2118 obtinuisse
678 2069 820 2118 censeant.
836 2061 945 2115 Verum
989 2053 1168 2113 introductos
1184 2075 1255 2129 esse,
1265 2054 1315 2113 seu
1330 2057 1419 2113 choro
1436 2055 1657 2136 paedagogorum
1676 2055 1763 2112 indi-

178 2142 311 2230 Τροφσὺς,
329 2147 553 2225 quaedicuntur,
569 2147 689 2223 Dionysi
707 2147 841 2207 Nutrices
858 2146 945 2204 fuisse
990 2155 1067 2200 catos
1097 2156 1242 2224 totamque
1263 2145 1384 2223 primam
1408 2144 1571 2222 tragaediam
1593 2145 1623 2202 in
1645 2143 1764 2202 descri-

177 2240 359 2296 Hcrmannus
388 2235 557 2310 affirmavit,
590 2237 754 2308 Welcltems
780 2235 945 2314 tragediam
990 2230 1084 2291 benda
1099 2233 1233 2292 lelic'itate
1246 2235 1378 2314 fastuque
1391 2232 1494 2294 Niobae
1505 2246 1675 2314 occupatam
1688 2231 1765 2291 suis-

179 2326 253 2384 illius
283 2325 408 2386 nominis
437 2345 587 2404 nunquam
617 2327 758 2386 exstitisse
787 2327 946 2399 existimat3
990 2341 1035 2395 se;
1053 2323 1159 2382 deinde
1175 2324 1203 2382 in
1222 2324 1311 2384 altera
1329 2323 1464 2404 tragoedia
1479 2323 1603 2383 Niobam
1619 2323 1765 2381 introdu-

178 2413 281 2476 deinde
293 2420 472 2482 Hermaunus
487 2415 523 2473 de
534 2413 845 2493 Propompisdubitat,
860 2435 945 2494 quam
990 2425 1065 2471 ctam
1088 2415 1115 2472 in
1129 2415 1262 2494 sepulcro
1285 2415 1443 2474 liberorum
1470 2435 1587 2473 suorum
1609 2414 1763 2473 sedentem

180 2505 346 2569 Welclserus
363 2505 521 2564 certissime
538 2504 701 2582 tragaediam
723 2505 809 2564 luisse
824 2503 945 2583 judicat.
990 2503 1186 2584 continuoque
1213 2517 1368 2576 tacentem,
1395 2503 1463 2563 dum
1488 2505 1591 2563 chorus
1615 2505 1707 2562 multa
1732 2516 1764 2562 et

178 2597 269 2652 Tanta
279 2593 408 2654 virorum
420 2595 448 2652 iu
459 2595 657 2654 controversia
668 2593 947 2674 quisdicat,quidsit
990 2592 1075 2672 longa
1102 2594 1229 2652 carmina
1253 2595 1402 2668 recitaret,
1427 2615 1521 2672 neque
1545 2594 1626 2674 prius
1653 2593 1764 2652 silentii

180 2683 306 2762 AEschyli
320 2682 505 2744 habendum?
990 2682 1075 2741 linem
1090 2683 1195 2742 lactum
1209 2703 1279 2758 esse,
1291 2703 1375 2762 quam
1388 2682 1482 2743 Nioba
1495 2682 1603 2742 abitum
1618 2703 1704 2744 suum
1715 2685 1764 2746 in-

219 2772 315 2834 Niobe
340 2785 436 2834 autem
460 2786 583 2834 matrum
603 2773 683 2832 lacile
703 2773 862 2836 felicissima
882 2775 945 2832 fnit.
991 2771 1108 2831 dicaret.
1125 2773 1251 2832 Choram
1267 2793 1302 2832 ex
1314 2773 1429 2832 senibus
1443 2772 1587 2833 Thebanis
1608 2775 1762 2852 composi·

179 2863 292 2922 Tantali
304 2882 394 2940 quum
408 2861 599 2936 cortiliani)
610 2864 801 2941 Jovegeneris
811 2864 947 2942 suinrigi·
992 2874 1051 2920 tram
1065 2863 1150 2921 fuisse
1161 2863 1231 2920 vult.
1242 2862 1369 2922 Tertiam
1382 2863 1548 2942 tragoediam
1563 2863 1734 2922 erclterus
1747 2881 1762 2919 a

181 2971 244 3008 nem
259 2953 390 3030 repetiit,
408 2964 439 3010 ut
453 2965 542 3030 nupta
560 2953 613 3012 luit
629 2953 802 3030 Amphioni,
822 2954 872 3031 qni
888 2975 946 3012 non
992 2964 1076 3032 poeta
1088 2953 1127 3010 ita
1140 2953 1181 3010 ait
1191 2953 1392 3030 compositam,
1403 2953 1539 3012 utNioba
1550 2951 1586 3009 sit
1597 2952 1625 3007 in
1637 2951 1761 3030 Lydiam

182 3039 276 3098 tiriaus
297 3041 401 3098 coelcsti
422 3041 532 3118 origiue
552 3041 737 3120 gloriabatur.
763 3043 897 3102 Maximae
920 3042 945 3100 ei
992 3041 1085 3101 delata
1097 3042 1132 3100 ad
1148 3054 1259 3122 patrem
1272 3041 1437 3118 Tantalum,
1453 3043 1502 3120 qui
1516 3047 1619 3100 Jovcm
1631 3041 1760 3106 inroret,

182 3128 364 3204 contigerunt
379 3128 497 3206 divitie,
513 3131 598 3188 nullae
611 3130 731 3208 majores
742 3151 829 3208 quam
838 3143 947 3209 septem
992 3143 1024 3188 ut
1038 3131 1152 3190 miseria
1167 3132 1293 3190 finiatur.
1309 3136 1409 3209 ltaque
1421 3142 1503 3210 pater
1513 3129 1762 3208 dequuehomi-

183 3215 307 3276 filiorum
328 3217 504 3296 totidemque
523 3219 645 3278 filiarum
665 3239 811 3278 nanterus.
832 3225 869 3280 At
890 3241 947 3279 non
992 3241 1117 3300 numque
1133 3219 1255 3280 Niobam
1270 3221 1420 3279 miseratus
1438 3221 1465 3278 in
1482 3219 1606 3300 lapidem
1627 3219 1761 3290 mutarit,

183 3306 248 3364 tulit
272 3307 399 3366 mortalis
426 3307 532 3367 femina
553 3319 661 3367 tantam
686 3309 866 3385 felicitatem,
891 3331 948 3390 qua
993 3309 1039 3367 cui
1057 3321 1205 3390 perpetuae
1220 3310 1344 3367 lacrimae
1362 3309 1412 3367 diu
1425 3314 1572 3386 noctuque
1584 3320 1759 3366 cmaaarent

181 3394 257 3473 justo
277 3397 379 3456 elatior
399 3395 479 3475 ipsos
506 3396 575 3456 deris
598 3410 781 3458 contemnere
801 3419 869 3460 ausa
891 3413 947 3474 est,
992 3396 1154 3479 Προπομποί
1163 3411 1257 3456 autem
1269 3418 1373 3456 nomen
1387 3398 1441 3456 tait
1455 3396 1598 3474 tr·agoediae
1608 3417 1644 3454 ex
1658 3397 1755 3456 Welc-

182 3485 314 3564 inprimis
327 3489 482 3559 Latonam,
497 3487 641 3565 Apollinis
654 3500 684 3546 et
699 3488 799 3548 Dianae
812 3503 947 3562 matrem,
994 3486 1054 3544 lteri
1082 3487 1231 3546 sententia.
1257 3486 1407 3545 Thebanos
1439 3487 1517 3546 cuim
1539 3485 1608 3546 dicit
1634 3484 1759 3544 Niobam

182 3573 260 3653 quod
274 3573 347 3636 duos
361 3575 561 3634 tantummodo
574 3576 680 3636 liberos
689 3579 843 3656 pepererit,
854 3599 949 3658 neque
993 3589 1163 3655 prosecutos
1177 3595 1237 3634 esse
1249 3576 1423 3655 eosdemque
1433 3576 1554 3634 chorum
1567 3575 1758 3634 constituisse.

182 3662 273 3722 audiit
285 3665 467 3737 monitorem,
480 3665 530 3743 qai
544 3666 672 3726 animum
684 3680 825 3745 prosette
834 3672 948 3731 mortali
995 3671 1128 3724 Ceterum
1139 3665 1305 3746 tragoediam
1318 3668 1443 3725 maxima
1457 3667 1598 3744 gravitate
1609 3667 1756 3744 conspicu-

182 3751 348 3814 habendum
361 3753 458 3818 suasit.
994 3776 1038 3814 am
1058 3755 1227 3833 egregieque
1244 3755 1279 3813 ad
1295 3756 1406 3814 animos
1420 3755 1583 3814 auditorum
1602 3755 1759 3812 movendos

222 3844 308 3900 Forte
320 3855 415 3902 autem
432 3843 546 3916 incidit,
569 3857 602 3904 ut
628 3844 832 3906 venerabunda
851 3850 950 3908 marlei·
993 3857 1088 3924 aptam
1100 3845 1185 3904 luisse
1197 3865 1233 3904 ex
1247 3846 1372 3924 antiquis
1384 3845 1574 3926 grammaticis
1589 3864 1759 3903 commemo·

184 3927 255 3986 tudo
267 3949 282 3987 a
297 3931 406 3990 Tiresia
416 3944 478 3990 vate
490 3932 534 3990 vel
550 3931 576 4010 ej
581 3953 612 3991 trs
626 3933 683 3992 filia
697 3936 832 3995 blantoae
846 3939 949 3998 admo-
994 3949 1045 3993 rat.
1057 3939 1235 3994 Hermamms
1245 3933 1343 3994 Niobae
1355 3935 1495 4016 tragoediae
1506 3953 1620 3994 scenam
1631 3935 1660 3992 in
1671 3935 1759 4012 Lydia

185 4017 243 4075 nita
258 4021 375 4081 Latona
388 4040 452 4080 aras
465 4022 602 4096 erigeret,
624 4041 704 4082 sarra
723 4023 845 4101 laceret,
867 4029 948 4088 deam
996 4028 1080 4085 luisse
1093 4027 1187 4100 docet,
1199 4027 1556 4104 roaverrientissimumque
1565 4039 1650 4106 putat
1661 4027 1685 4084 si
1699 4026 1759 4105 quis

184 4104 345 4166 bonoribus
361 4121 593 4186 prosequeretur.
611 4113 682 4181 Quae
700 4131 789 4188 quum
806 4116 949 4177 nesciisset
994 4137 1030 4175 ex
1043 4115 1130 4193 Lydis
1151 4115 1318 4174 rudioribus
1341 4116 1462 4174 chorum
1484 4116 1681 4195 compositum
1698 4115 1758 4174 exi·

185 4191 295 4266 Niobe,
319 4209 435 4274 pectore
457 4217 517 4256 uon
539 4198 658 4258 retinuit
677 4201 748 4262 iram
770 4221 864 4280 neque
886 4209 950 4266 tulit
994 4207 1099 4264 stimet.

126 4341 130 4348 -
187 4281 380 4359 ld¹¹⁰¹¹¹i¹¹l³ss¹r
389 4305 446 4364 qua
457 4305 487 4344 se
500 4287 610 4364 putavit
620 4286 760 4362 allectam,
774 4293 851 4368 quod
863 4297 951 4372 potis·
1035 4293 1196 4367 stomata,
1212 4313 1275 4372 qnae
1289 4293 1392 4370 retuli,
1407 4292 1491 4351 raldo
1505 4291 1640 4370 ambigua
1655 4304 1724 4354 sunt
1735 4305 1758 4351 et

186 4372 288 4432 simum
305 4373 347 4434 illi
363 4373 437 4450 deae,
460 4395 548 4454 quam
568 4377 698 4436 ornnium
713 4380 836 4438 maxime
850 4403 909 4461 prae
921 4407 951 4444 se
996 4384 1115 4444 fallacia.
1128 4389 1172 4444 Ne
1185 4383 1307 4442 divinari
1323 4381 1439 4460 quidem
1456 4393 1561 4460 potest,
1575 4383 1668 4460 qualis
1683 4403 1758 4442 cont-

187 4474 392 4538 contemneret,
404 4464 507 4524 civitas
520 4485 600 4525 sacra
611 4465 724 4526 laceret.
738 4472 839 4547 Itaque
850 4473 951 4536 relicta
996 4475 1103 4556 positio
1124 4473 1211 4532 faerit
1233 4471 1369 4552 trilogiae,
1399 4493 1491 4551 neque
1517 4473 1759 4550 quemadmodum

186 4550 274 4610 darno
297 4551 328 4610 in
349 4552 476 4625 medium
497 4553 596 4632 prodit
617 4556 761 4635 sacrisque
784 4557 951 4628 disturbatis
996 4573 1211 4642 argumentum,
1239 4581 1297 4639 quo
1326 4559 1428 4622 Niobae
1460 4581 1523 4623 sors
1550 4561 1759 4632 continebatur,

188 4643 354 4722 populoque
372 4643 409 4704 ab
432 4645 554 4704 incensis
576 4659 688 4706 remoto
712 4649 785 4723 aris,
813 4650 952 4730 honores,
997 4666 1084 4734 poeta
1098 4651 1300 4730 explicaverit,
1321 4671 1415 4732 neque
1429 4671 1443 4709 a
1455 4671 1514 4730 quo
1530 4651 1646 4713 initium
1662 4651 1760 4710 labala

188 4732 238 4809 qai
264 4732 326 4792 deae
346 4734 440 4812 parati
462 4747 561 4808 erant,
587 4735 643 4796 sibi
663 4735 751 4796 tribui
768 4737 862 4816 jubet.
877 4746 950 4802 Fra-
997 4743 1033 4800 sit
1045 4741 1215 4822 repetitum,
1232 4761 1325 4819 neque
1339 4741 1444 4820 quaein
1456 4761 1542 4800 scena
1554 4739 1612 4800 sint
1625 4743 1760 4820 exposita.

187 4830 247 4877 stra
265 4817 449 4896 admonetur,
479 4835 511 4884 ut
533 4821 651 4884 desistat
668 4823 705 4882 ab
727 4825 828 4888 audaci
847 4844 953 4890 conatu
998 4831 1192 4891 Perobscurus
1207 4827 1287 4892 locus
1301 4844 1345 4890 est
1358 4831 1437 4910 apud
1449 4832 1634 4893 Aristotelem
1646 4833 1677 4891 in
1694 4837 1761 4892 Arte

190 4904 307 4985 deaeque
320 4909 382 4988 ipsa
395 4912 545 4990 supplicet.
560 4916 623 4970 Non
640 4911 719 4971 audit
733 4914 837 4989 ullum,
853 4919 903 4994 qui
917 4918 953 4977 ad
998 4932 1075 5000 poet.
1090 4925 1200 4993 XVIII,
1211 4942 1242 4993 ¹7
1255 4940 1262 4976 ι
1274 4917 1356 4979 Ὅσοι
1364 4917 1456 5001 πέρσιν
1470 4919 1550 4980 Ἰλίου
1559 4917 1623 4993 ὅλην
1638 4919 1760 4994 ἐποίησαν

191 4995 338 5054 meliorem
358 5012 481 5058 mentem
501 5001 709 5080 suscipiendam
731 5023 795 5061 eam
813 5005 954 5086 hortetur,
998 5007 1041 5070 καί
1061 5006 1099 5089 μὴ
1118 5008 1186 5068 κατὰ
1202 5006 1279 5090 μέρος
1292 5005 1381 5091 ὥσπερ
1396 5009 1540 5092 Εὐριπίδης
1553 5007 1654 5082 Naidas
1669 5009 1714 5070 καὶ
1726 5005 1760 5088 μὴ

191 5083 243 5142 sed
255 5084 451 5148 vehementius
463 5087 548 5148 etiam
564 5091 674 5149 irritata
686 5090 834 5152 minitatur
845 5095 891 5152 rel
903 5101 955 5157 Jo-
998 5095 1086 5179 ύσπερ
1096 5094 1237 5177 Αἰσχύλος,
1250 5093 1267 5169 ἢ
1282 5095 1450 5158 ἐκπίπτουσιν
1460 5095 1573 5171 baux&
1587 5097 1759 5178 ἀγωνίζονται

193 5172 236 5231 vis
254 5173 407 5254 templum,
423 5176 446 5236 si
461 5177 509 5238 ille
524 5179 644 5238 coasilio
661 5200 714 5254 suo
732 5200 762 5255 se
776 5186 954 5262 opposuerit,
998 5187 1052 5260 Hir
1069 5185 1150 5259 iocus
1163 5189 1241 5254 varie
1262 5187 1422 5266 explicatus
1442 5200 1485 5252 eat
1498 5186 1536 5250 ab
1549 5185 1758 5270 interpretibus.

194 5281 223 5321 se
238 5260 450 5325 combusturam
464 5285 579 5346 unaque
589 5269 696 5356 regiam
708 5269 891 5351 Amphionis,
903 5295 955 5333 ne·
1000 5278 1192 5342 Hermannus.
1208 5289 1240 5336 ut
1250 5289 1314 5338 ante
1326 5275 1459 5357 diximus,
1474 5278 1610 5360 Σοφοκλῆς
1620 5297 1673 5358 pro
1685 5277 1758 5357 Εὔρι-

229 577 321 670 μίσην
331 571 371 642 τὰ
379 568 493 668 abrupit
506 572 580 666 aspie
594 571 700 652 πτύοις
715 570 940 664 πεπληγμένον.
