3650 5798
576 385 785 450 soruoctts
806 387 1058 450 FRAGMENTA.

1552 399 1610 453 258

43 533 93 592 tur,
107 537 199 597 neque
213 515 351 576 credibile
373 516 410 576 sit
423 516 554 586 Pelenm,
566 518 616 595 qui
635 517 699 596 ipse
712 516 790 577 bello
843 533 906 612 [25]
922 520 999 598 m·
1012 528 1036 596 ,ξ
1052 529 1106 622 μὶ,
1120 526 1156 604 ἦ,
1169 528 1322 599 mm„
1337 529 1437 600 [ἅσρω
1452 529 1532 600 κακὰ
1551 549 1554 554 ·

41 622 67 666 et
79 603 306 686 expeditionibus
318 605 503 682 inclaruerit,
519 605 610 664 lilium
627 606 790 678 retinuisse,

42 696 85 754 illa
107 695 246 754 sententia
267 693 315 751 vix
330 693 441 770 poterit
456 692 559 752 teneri.
574 692 667 751 Multo
682 692 792 752 facilius

41 785 178 862 putaveris
191 780 384 858 Lycomedem
398 781 445 840 vcl
459 779 638 840 Deidamiam
651 781 793 858 ejusmodi

41 871 142 948 aliquid
160 881 293 928 tentasse.
316 873 353 926 Et
373 887 475 927 versus
495 869 545 946 qui
560 881 604 926 est
626 868 704 946 apud
725 872 793 926 Sto-

42 959 126 1016 baeum
140 959 215 1017 Flor.
229 961 286 1032 LI,
304 966 341 1026 ²l
356 976 364 1017 :

41 1097 97 1176 [18]
113 1086 265 1188 Φιλιῖγᾶρ
278 1083 391 1186 ἄνδρας
408 1093 540 1186 πόλεμος
550 1094 682 1187 ἀγρεύειν
698 1093 794 1176 νύους,

41 1233 94 1291 illis
106 1233 281 1292 conveniret.
292 1231 446 1294 obstinate
457 1233 601 1292 renitente
614 1232 724 1292 Achille
738 1233 797 1310 Ly-

42 1321 165 1380 comedes
178 1321 332 1380 oraculum
348 1333 504 1392 memorat,
516 1341 576 1398 qno
592 1321 634 1380 illi
646 1321 677 1378 in
688 1319 795 1379 bellum

42 1409 165 1486 prolecto
176 1408 274 1467 brevis
285 1409 344 1466 vita
359 1408 560 1489 portendatur.
571 1414 678 1467 Verum
691 1429 727 1466 ne
736 1406 797 1466 harc

41 1497 150 1575 quidem
161 1497 243 1556 audit
254 1521 262 1571 ;
274 1497 351 1555 nolle
360 1517 390 1555 se
404 1497 559 1576 respondet
572 1497 609 1556 ad
620 1507 797 1556 senectutem

42 1586 200 1645 vivereid
226 1585 401 1664 exprimitur
431 1604 517 1646 versu
546 1585 623 1664 apud
649 1583 796 1646 Stobaeum

40 1678 139 1747 CXVI,
154 1674 213 1734 28:

40 1821 97 1901 [19]
110 1808 208 1884 Οὐδὲν
224 1813 283 1910 γὰρ
296 1811 389 1909 ἄλγος
401 1811 463 1883 olor
477 1823 496 1891 il
509 1822 607 1893 πολλὴ
625 1811 690 1897 ζόη.

40 1943 97 2020 [νο]
113 1931 212 1999 Ποίντ’
231 1933 382 2024 ἐμπέφυκε
394 1940 440 2018 τῷ
457 1940 564 2024 μακρῷ
577 1933 656 2026 γηρρ
667 1927 758 2016 κακὰ,

40 2054 102 2124 νοῦς
118 2036 261 2139 φροῦδος,
279 2047 340 2140 ἔργ’
357 2043 475 2138 ἀχρεῖα,
491 2036 647 2139 φροντίδος
663 2043 757 2114 κεναί.

41 2185 176 2262 (Clemens
188 2189 272 2248 Alex.
288 2208 317 2267 p.
334 2189 383 2266 73,
395 2176 441 2247 ὦτ’
458 2187 572 2269 ἀγροῖο.)
586 2192 799 2268 comparatque

40 2274 159 2336 Achilles
189 2287 296 2336 sortem
326 2295 407 2336 suam
434 2276 618 2335 naviculariis
641 2277 692 2355 qui
717 2279 799 2355 parvi

41 2363 108 2420 lucri
130 2383 216 2423 causa
236 2384 294 2422 non
317 2363 453 2423 dubitent
480 2383 615 2442 magnum
629 2363 709 2423 adire
722 2367 799 2444 peri-

41 2451 140 2509 culum.
150 2452 232 2511 srob.
247 2454 324 2526 th,
340 2455 377 2511 3:

41 2586 99 2665 [tt]
115 2585 371 2654 uternensem
387 2596 447 2655 τῶν
457 2590 656 2681 ταλαιπώρων
669 2590 798 2682 βροτῶν,

114 2697 155 2778 οἷς
172 2703 245 2767 ούτι
261 2693 377 2794 δαίμων
389 2703 460 2769 ούτε
469 2729 517 2782 τις
532 2702 605 2770 θεῶν
622 2703 718 2795 νίμοιν

113 2816 248 2882 πλούτου
265 2821 335 2883 ποτ’
351 2811 520 2908 ἃννιίμειεν
536 2811 621 2896 ἀξίαν
635 2815 735 2912 χοίριν,

110 2932 241 3008 λεπταῖς
254 2929 303 2998 ἐπὶ
321 2937 458 3024 ροπαῑσιν
471 2929 607 3024 ἐμπολὰς
621 2929 738 3027 μακρὰς

115 3043 160 3109 οἷοὶ
176 3045 440 3139 παραρρίπτοντις
460 3047 488 3115 οἱ
500 3046 683 3140 πολύφθοροι

113 3156 131 3232 ἢ
147 3163 257 3226 ὀυσαν
274 3143 490 3252 λ’κίρδανανῆ
507 3152 666 3229 διώλεσαν.

41 3284 159 3364 Reliqua
179 3287 349 3348 obscuriora
363 3303 440 3349 sunt.
456 3291 597 3368 Hesychio
605 3338 613 3367 ‚
633 3287 697 3375 [22]
711 3315 724 3344 a
736 3291 800 3351 dno·

42 3373 128 3446 στιύής
139 3399 161 3450 ι,
175 3375 404 3457 ἀποπεφοιτηκὼς,
420 3379 448 3437 οὔ
464 3375 513 3450 τὴν
527 3377 607 3450 αὐτὴν
621 3379 710 3463 τρίὸον
730 3378 801 3439 arcl-

42 3457 92 3542 θῳν
103 3461 223 3521 τουτέστι
240 3465 356 3543 φοιτῶν,
370 3465 493 3524 sortasse
506 3467 633 3526 Achilles
645 3481 688 3527 est
705 3468 801 3526 conti-

42 3569 98 3606 nuo
133 3551 271 3610 renitens.
307 3551 388 3612 Idem
416 3553 535 3613 videtur
571 3556 692 3635 intelligi
722 3556 801 3636 apud

42 3638 233 3715 Hesychinm‚
248 3639 298 3698 ubi
310 3640 371 3699 haec
388 3654 475 3714 sunt,
490 3643 553 3720 [2³]
575 3642 775 3720 «αὖτίσσυτον,
789 3671 801 3698 ν

42 3723 258 3802 αὐτοκέλευστον,
273 3742 303 3787 et
313 3727 377 3807 [24]
390 3728 583 3812 «ἀχρήματον,
596 3728 761 3812 attinens,
773 3745 802 3792 et

41 3811 69 3868 in
78 3813 234 3894 Εύωρος,ὥς
247 3819 261 3876 ὁ
272 3815 348 3883 αὐτὸς
360 3818 518 3898 (Σοφοκλῆς)
529 3820 555 3877 ἐν
569 3817 693 3901 Σκυρίοις
704 3824 802 3902 χρῆται

41 3902 77 3980 τῷ
93 3902 155 3982 [25]
169 3931 180 3956 ιι
194 3903 351 3985 adoperitur.
365 3931 378 3959 ν
394 3911 462 3965 Non
478 3906 635 3966 obscurum
652 3921 695 3968 est
716 3929 801 3988 egre-

43 3990 118 4065 gium
129 3993 322 4070 fragmentum
335 3994 412 4074 apud
431 3995 576 4055 Stobaeum
588 3999 721 4068 CXXIV,
744 4018 777 4070 17
794 4021 801 4056 ε

399 4204 441 4254 18.

43 4280 115 4338 Solet
126 4283 200 4339 enim
213 4283 286 4342 viros
300 4283 403 4341 bellum
416 4292 527 4358 captare
541 4283 736 4342 adolescentes.

400 4385 443 4436 19.

44 4463 123 4521 Nulla
136 4465 212 4522 anim
225 4475 266 4524 est
280 4465 405 4524 molestia
418 4475 521 4540 quanta
533 4466 616 4523 nimis
627 4468 710 4541 longa
720 4468 784 4524 rita.

399 4569 445 4620 20.

43 4647 139 4704 Omnia
152 4647 327 4706 incommoda
341 4650 436 4707 insunt
447 4649 476 4706 in
490 4657 645 4718 senectute,

43 4739 119 4784 mens
130 4741 215 4796 vana,
228 4743 309 4801 opera
323 4729 417 4799 irrita,
431 4743 507 4786 cure
520 4729 626 4786 inanes.

399 4829 443 4880 21.

44 4911 213 4968 Naricnlarii
223 4911 295 4969 inter
308 4911 422 4970 miseros
435 4912 580 4982 mortales,
706 4915 804 4988 [bnens

44 4989 145 5061 quibus
161 5005 249 5063 neque
259 4991 371 5048 lonuna
384 5007 473 5065 neque
484 4992 600 5049 deorum
612 4994 712 5068 aliquis
725 4994 804 5052 attri-

45 5073 203 5133 divitiarnm
218 5093 341 5150 unquam
355 5077 452 5150 dignas
465 5079 566 5152 gratim
578 5079 751 5154 rependerit,

47 5153 148 5226 exiguis
165 5155 238 5212 venti
252 5154 344 5213 flabris
357 5172 470 5232 magnas
483 5172 586 5216 merces

924 643 976 711 καὶ
994 645 1046 711 τθν
1065 643 1196 712 θανόντα
1212 636 1354 742 δακρύοις
1371 647 1543 733 ἀνιστάναι,

925 764 942 826 ὁ
959 759 1069 851 χρυσὸς
1080 757 1174 834 κίσσαν
1186 769 1292 853 κτῆμα
1309 772 1365 830 τοῦ
1382 761 1495 830 κλαίειν
1513 757 1548 830 ἂν
1563 759 1610 836 ἧν·

924 881 975 938 νῦν
992 862 1031 956 δ’,
1049 869 1072 938 ὦ
1088 875 1300 967 γιραιὲ,ταύτ’
1317 876 1471 956 ἀνηνύτως
1485 879 1559 969 ἔχει,

926 985 979 1052 τὸν
993 986 1023 1052 ἐν
1034 985 1121 1079 τοίφῳ
1132 987 1299 1081 κρυφθέντα
1309 991 1382 1083 πρὸς
1394 991 1431 1058 τὸ
1442 1001 1503 1083 φῶς
1517 987 1610 1083 οἷγιιν·

926 1097 1018 1190 κάμοὶ
1029 1095 1087 1194 γὰρ
1101 1094 1136 1166 ἃν
1149 1105 1251 1195 πατήρ
1265 1128 1301 1197 γι
1316 1093 1454 1198 δακρύων
1471 1105 1557 1197 χάριν

928 1212 1034 1288 οίνῆκτ’
1052 1209 1087 1279 ἃν
1106 1215 1145 1294 eie
1163 1225 1236 1308 φῶς.

849 1347 990 1406 Postremi
1011 1365 1111 1406 versus
1129 1346 1259 1425 produnt
1280 1347 1335 1406 ista
1358 1368 1375 1406 a
1394 1349 1534 1408 Diomede
1550 1369 1612 1410 esse

850 1435 1062 1513 pronunciata,
1085 1435 1135 1511 qui
1163 1453 1258 1494 senem
1288 1437 1413 1513 aliquem
1439 1439 1612 1498 consolatur.

851 1523 968 1602 Optime
983 1523 1188 1591 convenirent,
1209 1523 1234 1581 si
1255 1524 1303 1583 illa
1327 1522 1435 1583 diceret
1458 1525 1612 1584 Diomedes

850 1609 1008 1688 Lycomedi
1018 1654 1026 1683 ,
1041 1631 1130 1688 quum
1150 1611 1357 1689 Neoptolemus
1380 1611 1497 1690 Trojam
1514 1633 1613 1672 arces·

849 1711 968 1758 seretur.
987 1697 1075 1772 Quod
1098 1699 1122 1758 si
1143 1697 1214 1757 illud
1240 1713 1440 1778 argumentum
1464 1701 1532 1759 huic
1551 1713 1613 1760 tra-

850 1787 951 1866 goediae
964 1806 1023 1844 non
1038 1787 1191 1874 convenit,
1210 1787 1388 1865 Lycomedes
1409 1789 1613 1868 intelligendus

849 1887 903 1948 est,
916 1875 962 1934 cui
976 1875 1036 1933 haec
1050 1872 1195 1948 dicantur,
1206 1875 1257 1952 qui
1270 1895 1360 1952 quum
1370 1877 1407 1934 sit
1420 1895 1478 1934 non
1495 1877 1613 1954 ignarus

849 1963 991 2022 Achillem
1006 1959 1110 2022 ebello
1125 1981 1184 2019 non
1199 1981 1260 2021 esse
1278 1962 1449 2042 rediturum,
1464 1964 1543 2023 hunc
1550 1963 1611 2043 jam

849 2064 882 2110 ut
896 2063 1041 2110 mortuum
1055 2050 1235 2108 lamentatur.

890 2139 1058 2216 Suspicatus
1075 2138 1243 2198 Welclserus
1256 2139 1333 2198 inter
1354 2158 1490 2219 personas
1508 2153 1614 2218 tragoe-

849 2226 904 2286 diae
921 2227 1010 2286 t'uisse
1023 2231 1145 2305 Nyssam
1167 2225 1325 2286 Deidamia
1344 2229 1487 2287 nutricem
1504 2227 1610 2306 (Bion.

849 2319 911 2386 XV,
923 2315 970 2388 31,
984 2326 1013 2373 et
1022 2319 1094 2374 Stat.
1109 2317 1132 2384 l,
1145 2313 1224 2392 670).
1238 2313 1326 2373 Addit
1336 2315 1420 2374 etiam
1431 2317 1490 2375 duo
1503 2316 1614 2374 incerta

851 2403 1009 2480 fragmenta
1024 2402 1107 2480 (Plut.
1123 2405 1196 2460 Mor.
1211 2423 1240 2482 p.
1255 2402 1306 2481 οδ,
1321 2401 1374 2482 C):

850 2535 914 2622 [27]
933 2532 1174 2630 Τυφλὸςγθιρ,ὧ
1190 2541 1340 2629 γυναῖκες,
1354 2527 1419 2603 οὐδ’
1436 2541 1511 2630 ὀρῶν
1529 2506 1613 2628 Ᾰρης

930 2649 1000 2728 συὸς
1017 2653 1171 2741 προσώπῳ
1188 2651 1292 2717 πάντα
1308 2645 1449 2744 τυρύοίζιι
1460 2645 1551 2718 κακοί.

852 2792 888 2846 Et
899 2785 1030 2847 Eustath.
1040 2805 1068 2864 p.
1083 2788 1150 2860 877,
1166 2786 1199 2844 51
1220 2787 1343 2858 :Milev
1358 2786 1510 2868 Σοφοκλῆς,
1534 2784 1613 2866 φησὶν

852 2873 1060 2956 ύγραμριατυιδς
1072 2873 1277 2957 Ἀριστοφάνης,
1297 2873 1390 2943 δόξειεν
1405 2874 1436 2932 ἄν
1453 2895 1504 2932 που
1523 2871 1568 2932 καλ
1580 2871 1613 2932 rh

852 2963 929 3047 θηρία
940 2961 1027 3023 πάντα
1039 2962 1102 3041 [28]
1118 2987 1130 3014 «
1144 2965 1217 3040 μῆλα
1230 2989 1242 3016 ι
1254 2963 1354 3022 καλεῖν.
1371 2963 1449 3022 idem
1467 2982 1496 3041 p.
1521 2963 1614 3035 1648,

852 3053 890 3110 60
904 3073 911 3109 :
927 3052 1065 3132 Σοφοκλῆς
1077 3054 1159 3126 γοῦν,
1181 3049 1245 3130 φασὶ
1256 3094 1264 3124 ,
1277 3048 1322 3109 τδν
1343 3047 1467 3129 Ἀχιλλέα
1483 3051 1614 3132 τραφῆναι

852 3135 933 3198 εἰπὼν
946 3140 974 3198 ἐν
988 3142 1026 3219 τῷ
1039 3137 1135 3219 Πηλίῳ
1149 3147 1201 3197 πᾶν
1216 3140 1300 3217 μῆλον
1311 3140 1442 3221 θηρῶντα,
1452 3137 1521 3207 δόξοι
1533 3135 1565 3196 ἃν
1580 3136 1614 3196 τὰ

853 3227 931 3310 θηρία
940 3227 1028 3288 πάντα
1037 3254 1049 3280 ι
1057 3228 1148 3306 μῆλα»
1158 3226 1258 3286 καλεῖν.
1266 3231 1333 3286 Non
1346 3227 1413 3286 satis
1427 3226 1613 3306 perspicuum

853 3328 916 3396 est,
928 3336 986 3394 quo
999 3316 1060 3374 haec
1073 3313 1222 3374 referenda
1238 3315 1303 3374 siut.

1176 3454 1287 3472 n*-

1126 3532 1338 3595 teutonum.

894 3652 1101 3726 Argumentum
1112 3650 1180 3709 satis
1188 3651 1306 3729 copiose
1312 3649 1498 3727 exposuimus
1503 3648 1533 3706 in
1538 3647 1613 3725 lphi-

854 3737 936 3815 genia
953 3737 1101 3815 AEschyli,
1122 3757 1208 3816 quern
1231 3737 1391 3814 Sophocles
1406 3737 1507 3814 procul
1524 3735 1634 3795 dubio*

853 3836 969 3884 secutus
995 3837 1047 3885 est.
1068 3830 1202 3884 Personae
1224 3826 1315 3903 igitur
1338 3824 1482 3903 primariae
1506 3823 1615 3884 eaedem

854 3912 979 3990 luerint,
1001 3933 1062 3991 qua
1082 3912 1159 3991 apud
1179 3912 1372 3989 AEschylum:
1396 3917 1615 3990 Agamemnon,

856 4000 987 4072 Achilles,
1002 4001 1110 4072 Ulixes,
1122 4003 1350 4079 Clytaemnestra,
1364 4001 1524 4079 Iphigenia.
1538 3999 1615 4059 cho-

854 4199 1272 4272 exrerumcopiacommittentes
1278 4199 1617 4274 saepeconllietatidamnis

853 4287 902 4334 aut
913 4287 1023 4335 servant
1037 4288 1086 4336 aut
1101 4279 1210 4336 lucrum
1228 4277 1334 4336 faciunt
1346 4287 1394 4337 aut
1406 4279 1533 4352 perdunt.

854 4437 883 4494 st
896 4436 966 4494 mala
980 4435 1071 4493 curari
1084 4435 1175 4494 llendo
1189 4445 1301 4510 possent

853 4524 881 4573 et
896 4524 1021 4573 mortuus
1035 4514 1070 4573 ab
1083 4515 1178 4573 inieris
1191 4515 1313 4573 revocari
1328 4514 1461 4583 lacrimis,

853 4612 953 4654 aurum
967 4597 1058 4652 minus
1071 4595 1172 4653 valeret
1184 4611 1268 4667 quam
1282 4593 1418 4663 lacrimae3

853 4693 928 4735 nunc
939 4691 1020 4743 vero,
1034 4691 1052 4731 o
1064 4691 1162 4743 senex,
1176 4673 1243 4730 illud
1257 4673 1317 4730 fieri
1332 4688 1387 4730 non
1402 4678 1506 4739 potest,

853 4755 945 4830 utqui
957 4754 1083 4828 sepulcro
1095 4755 1131 4811 sit
1143 4753 1269 4811 conditus
1287 4753 1315 4808 in
1328 4751 1417 4808 lucem
1430 4749 1596 4818 reducatur;

855 4843 878 4900 si
891 4849 992 4916 posset,
1007 4841 1077 4898 mihi
1091 4855 1198 4914 quoque
1212 4847 1288 4912 pater
1299 4839 1474 4896 lacrimarum
1488 4837 1575 4911 pretio

856 4923 885 4979 in
899 4919 1224 4978 tuoemreductusessat
1606 4931 1610 4964 ι

1213 5001 1258 5054 21.
1530 4997 1602 5068 [Mar

857 5082 951 5138 Caecus
966 5079 1058 5148 enim,
1081 5075 1225 5146 mulieres,
1245 5091 1334 5148 neque
1352 5075 1501 5150 quidquam
1521 5075 1616 5135 videns

858 5161 916 5218 suis
926 5172 974 5215 ore
987 5158 1059 5214 mala
1072 5155 1165 5215 omnia
1178 5154 1328 5229 perturbat.
