3680 5790
207 478 264 532 so
757 451 1238 519 soenoensrutoumrt.
1829 436 1830 526 t

207 605 343 685 Μαρτυρεῖ
357 601 385 656 tt
399 617 449 674 μου
464 595 501 676 '‘l'’
516 591 587 673 λόγῳ
612 591 749 674 Σοφοκλῆς
765 587 812 670 μὲν
831 591 968 670 ὁιραγῳ-
1025 585 1138 646 Cereris
1156 585 1288 646 celeriter
1302 585 1445 666 provenit
1459 587 1608 660 Quocirca
1631 589 1791 649 oecmnurir

206 687 309 754 δοηοιδς
321 689 348 747 ἰν
358 681 536 767 Τριπτολέμῳ
545 679 670 763 δράματι·
684 677 827 750 πεποίηται
835 675 887 758 γὰρ
899 677 971 758 αὐτῷ
1025 673 1170 752 trugoediae
1184 676 1245 734 haec
1254 695 1316 734 esse
1330 676 1444 755 potuit:
1458 675 1584 755 Prologo
1596 679 1690 736 Ceres
1702 677 1792 736 intro-

206 777 338 858 Δημήτηρ
347 771 506 832 διδάσκουσα
519 766 705 852 Τριπτόλεμον
715 764 879 847 ὅσηνχώραν
893 767 972 842 danq-
1024 761 1111 821 ducta
1122 776 1180 836 est,
1193 783 1258 842 quaa
1271 763 1308 824 de
1327 763 1485 838 beneficio,
1500 785 1562 844 qno
1579 765 1723 825 homines
1735 767 1792 824 att-

206 863 367 938 κασθησιται
384 859 497 940 σπείρων
516 865 571 924 τοῖς
584 860 696 916 δοθιῑσιν
710 855 754 914 ὑπ’
766 857 846 926 αὐτῆς
860 860 971 934 καρποῖς
1024 871 1089 911 cere
1102 852 1212 926 voluit,
1228 853 1440 932 Triptolemum
1453 853 1581 914 edocuit.
1595 856 1641 914 lta
1657 854 1741 927 abit,
1765 869 1794 912 ut

206 953 350 1022 διοξιλθιῖν.
363 953 518 1023 Μνησθιῑσα
532 947 560 1008 δὲ
573 943 802 1028 οῆςὶῴοιιπρῶτον
813 943 942 1012 Ἰταλίας,
953 939 971 1014 ἦ
1024 961 1116 1018 quea
1132 946 1236 1002 Cerere
1248 941 1382 1002 mandata
1393 944 1555 1021 acceperit,
1569 964 1605 1003 ea
1616 943 1704 1022 apud
1714 956 1792 1002 exte-

207 1046 277 1102 lortv
293 1039 345 1100 uini
358 1040 439 1120 ἄκρας
455 1035 591 1115 Ἰαπυγίας
604 1033 684 1114 μέχρι
692 1037 811 1114 πορθμοῦ
823 1033 970 1104 Σικελικοῦ,
1024 1049 1070 1088 ras
1082 1041 1182 1108 gentes
1196 1043 1380 1110 exsequatur.
1394 1037 1461 1106 Quo
1476 1034 1553 1091 lacto
1570 1033 1684 1092 chorus
1705 1032 1795 1092 inter-

207 1131 253 1191 καλ
276 1129 342 1208 μετὰ
364 1134 442 1188 τοῦτο
457 1131 505 1199 τῆς
519 1123 625 1206 ἀντικρὺ
640 1121 764 1205 ἁψαμένη
777 1119 910 1194 Σικελίας,
927 1119 971 1178 lei
1025 1118 1242 1178 venitcarmina
1256 1139 1363 1178 canens
1376 1119 1406 1178 in
1423 1119 1563 1179 honorem
1579 1119 1716 1192 Cereris,
1735 1139 1796 1197 que
1831 1134 1832 1206 q

206 1219 254 1292 nlo
270 1217 389 1297 ἱσαέριον
404 1213 522 1276 Ἰταλίαν
537 1205 609 1280 αὖθις
631 1211 787 1295 ἀναστρέφει
803 1209 848 1268 κοιλ
868 1207 901 1267 ri
920 1207 971 1286 μί-
1025 1206 1198 1266 trumentum
1216 1209 1317 1267 incolis
1332 1209 1435 1268 Atticae
1448 1209 1590 1270 diviserit.
1604 1213 1645 1269 At
1660 1209 1794 1287 Cepheus
1831 1269 1832 1274 1

207 1330 285 1388 γιστα
305 1309 358 1365 τῶν
383 1302 525 1364 οἰκούντων
544 1300 593 1374 νην
621 1297 750 1381 παρέλκοι
773 1296 870 1370 ταύτην
892 1299 971 1355 ἐθνῶν
1024 1315 1141 1374 quoque
1167 1296 1268 1369 adest,
1291 1297 1342 1376 qui
1363 1297 1434 1356 deus
1453 1299 1575 1378 agrestis
1600 1311 1632 1357 et
1657 1297 1793 1358 frumenti
1831 1278 1832 1330 l

208 1391 442 1474 διιξίρχιοαι,τλν
457 1389 543 1472 ἀρχὴν
557 1389 610 1449 ἀπὸ
628 1391 675 1461 τῆς
689 1385 831 1468 Οἰνώτρων
845 1383 973 1458 οἰκήσεως
1026 1397 1263 1444 usumetnovam
1277 1387 1445 1464 religionem
1458 1387 1555 1447 studet
1566 1400 1714 1446 evertere.
1727 1387 1794 1444 Inde
1831 1331 1832 1418 l

207 1481 374 1559 ποιησαμένη
392 1481 451 1540 κτλ.
468 1486 598 1557 Apparet
614 1478 676 1536 haec
698 1476 776 1536 dicta
789 1493 868 1546 esse,
888 1486 972 1532 aute·
1026 1492 1128 1552 magna
1141 1475 1288 1535 contentio
1308 1476 1469 1554 insequitur
1482 1477 1559 1535 iuter
1572 1489 1736 1553 utramque
1750 1495 1793 1533 re-
1832 1484 1833 1550 l

208 1589 294 1648 quam
314 1569 509 1648 Triptolemus
531 1565 793 1646 peregrinationem
813 1564 903 1634 adiit;
918 1562 967 1621 de·
1025 1561 1171 1638 ligionem,
1181 1575 1306 1622 veterem
1317 1563 1364 1623 dei
1380 1565 1499 1642 agrestis
1511 1569 1792 1642 tenentemque&-
1832 1569 1833 1572 ’

208 1657 277 1718 inde
298 1658 429 1737 ineptum
450 1656 568 1715 videtur
594 1653 710 1732 longam
732 1652 831 1710 afferri
858 1652 972 1710 Cereris
1026 1649 1108 1708 reris.
1130 1655 1227 1723 Quum
1248 1651 1277 1710 in
1294 1671 1330 1711 eo
1353 1665 1428 1712 esset
1441 1666 1474 1712 ut
1497 1673 1573 1712 nova
1592 1665 1793 1725 everteretur,

209 1746 389 1817 orationem,
410 1763 469 1822 qua
491 1743 561 1802 olim
580 1743 793 1820 Triptolemum
817 1737 972 1816 docuerit,
1025 1737 1221 1816 Triptolemus
1235 1738 1328 1810 redit,
1344 1753 1376 1799 ut
1390 1740 1524 1800 defendat
1544 1741 1722 1819 religionem
1741 1745 1791 1799 Ge·

208 1853 297 1911 quum
308 1833 369 1911 jam
384 1832 453 1890 lvuic
464 1831 561 1889 omnia
571 1841 693 1908 experto
703 1828 805 1887 liceret
816 1847 972 1905 exponere,
1026 1826 1107 1884 reris.
1126 1826 1214 1902 Quod
1244 1840 1275 1887 ut
1297 1829 1385 1887 saciat
1407 1829 1561 1900 efficacius,
1581 1829 1649 1888 fuse
1675 1830 1792 1907 exponit

208 1941 279 2001 quas
291 1923 321 1979 in
335 1933 424 1980 terras
437 1919 586 1978 devenerit
596 1941 605 1992 ;
614 1937 708 1995 neque
720 1917 810 1994 ipsius
822 1917 924 1974 merita
934 1919 973 1974 ita
1026 1933 1091 1991 quaa
1103 1914 1242 1974 beneficia
1256 1917 1338 1976 terris
1351 1918 1489 1976 intulerit.
1503 1916 1621 1990 Quibus
1643 1917 1735 1976 rebus
1745 1937 1792 1974 re-

208 2023 287 2070 recte
300 2007 437 2068 laudibus
452 2007 551 2067 ell'erri
574 2018 690 2084 putem,
711 2006 735 2062 si
756 2002 844 2062 verba
862 2005 974 2063 Cereris
1027 2002 1190 2064 hementius
1202 2005 1291 2063 iratus
1304 2005 1521 2083 Cepheusclam
1539 2004 1622 2064 illum
1647 2005 1792 2064 demedio

209 2100 388 2166 asserentum
406 2107 508 2176 postea
531 2093 602 2173 quid
628 2094 757 2152 evenerit
779 2092 973 2170 peregrinanti
1025 2090 1120 2150 studet
1142 2092 1250 2152 tollere.
1263 2097 1337 2152 Tum
1356 2098 1442 2152 Ceres
1457 2113 1572 2152 rursum
1588 2095 1790 2152 interveniens

209 2180 973 2262 exspectatur;postremononintelligitur,quomodo
1024 2178 1140 2258 (Apollo
1151 2179 1189 2239 ab
1201 2180 1336 2257 AEschylo
1348 2193 1378 2239 et
1392 2181 1512 2259 Delphis
1524 2193 1554 2240 et
1564 2181 1694 2241 Athenis
1705 2181 1792 2238 intro·
1834 2183 1835 2248 l

209 2272 337 2351 postilla
350 2271 463 2330 Cereris
476 2270 566 2328 verba
577 2269 749 2348 Triptolemi
765 2288 811 2328 res
825 2281 911 2348 gestae
921 2288 973 2328 ex·
1026 2266 1163 2345 ducitur)
1191 2268 1339 2346 Cepheum
1365 2269 1516 2348 compellit
1546 2268 1653 2327 cedere
1685 2288 1791 2346 regno,

209 2361 281 2439 poni
306 2360 525 2439 potuerintne
545 2359 643 2418 nescio
668 2378 704 2416 un
728 2358 859 2433 Dionysii
883 2357 973 2417 verba
1025 2354 1104 2431 quod
1116 2353 1240 2414 traditur
1250 2355 1442 2434 Triptolemo.
1454 2361 1519 2430 Qua
1529 2357 1655 2415 victoria
1672 2371 1757 2434 parta
1767 2357 1791 2413 in

112 2517 113 2522 η
209 2448 268 2507 sint
282 2446 445 2525 ejusmodi,
467 2459 501 2506 nt
520 2450 651 2508 Cererem
671 2444 865 2504 introductam
888 2448 973 2505 tuisse
1025 2445 1193 2502 memoriam
1209 2442 1345 2503 beneficii
1368 2444 1453 2504 terris
1474 2445 1560 2504 divisi
1581 2444 1738 2504 Eleusinia
1750 2447 1791 2503 in-

120 3419 122 3426 ’
210 3436 296 3496 quam
309 3416 520 3493 Triptolemum
534 3415 701 3488 dimissum,
718 3429 749 3474 ut
763 3416 810 3474 hic
821 3418 909 3475 saeris
919 3419 975 3477 iui-

209 2534 433 2596 existimandum
444 2535 489 2594 sit.
500 2538 585 2594 Certe
595 2553 692 2593 versus
704 2553 778 2612 quos
788 2532 905 2612 subjicit
919 2538 970 2594 (ἰο-
1025 2531 1193 2590 stituuutur.
1386 2585 1391 2596 ‚
1835 2532 1836 2576 l

210 2626 280 2684 reris
295 2625 386 2704 ipsius
400 2635 468 2682 suut
482 2642 535 2683 nec
549 2623 624 2683 bene
637 2621 675 2682 ab
693 2624 750 2682 alio
764 2623 805 2682 ita
825 2623 906 2682 citari
921 2643 975 2702 po-
1066 2620 1192 2698 Prologo
1204 2619 1413 2680 adscribendus
1426 2633 1470 2681 est
1486 2632 1587 2680 versus
1600 2621 1683 2702 apud
1703 2619 1781 2678 sclao:

209 2725 311 2772 terent.
327 2717 468 2772 Praeterea
486 2716 574 2771 Ceres
591 2710 655 2789 ipsa
675 2711 810 2788 mysteria
830 2712 973 2770 Eleusinia
1025 2707 1107 2767 Pind.
1122 2708 1239 2787 olymp.
1252 2713 1291 2784 X,
1307 2729 1318 2766 r
1334 2733 1341 2768 ι
1356 2710 1493 2792 Σοηοκλῆς
1504 2711 1530 2768 iv
1544 2707 1749 2791 Τριπτολέμῳ·

208 2801 365 2860 instituisse
377 2799 556 2879 perhibetur,
568 2819 661 2878 neque
676 2799 740 2858 talis
752 2799 885 2858 doctrina
902 2819 975 2878 qua·
1222 2847 1230 2870 ,
1366 2841 1375 2870 ,
1596 2846 1603 2868 ,
1703 2846 1711 2869 ,
1775 2853 1779 2860 ,

209 2889 243 2948 lis
253 2889 373 2947 initiatis
382 2889 549 2967 contingere
561 2885 718 2966 putabatur
729 2885 766 2944 ab
780 2887 838 2944 ullo
850 2887 906 2945 alio
919 2888 973 2946 nisi
1024 2847 1108 2929 [⁸²⁸]
1124 2845 1182 2925 Θὲς
1200 2836 1219 2912 δ
1242 2847 1272 2912 ἐν
1290 2871 1392 2940 limi
1408 2837 1543 2914 mmm
1555 2872 1628 2924 τως
1642 2855 1735 2937 Ψους
1745 2851 1791 2912 M'

209 2997 227 3036 a
248 2977 303 3035 deo
325 2977 469 3055 proficisci
485 2977 583 3064 potu'gt
597 2977 697 3052 (Isocr.
716 2975 809 3034 Eleus.
823 2981 838 3048 ς
852 2976 898 3050 28,
911 2977 974 3034 Ari-
1701 2956 1791 3054 [γους.

209 3063 379 3124 “idAElffi'
394 3083 437 3120 ⁰¹·
451 3062 973 3142 ²⁰⁰¹·12P·45⁰l·Q¹¹⁰⁰l¹⁰²d⁰³¹¹⁰¹¹
1026 3089 1122 3150 Verba
1136 3100 1204 3150 sunt
1215 3089 1326 3148 Cereris
1338 3109 1404 3168 quaa
1416 3090 1626 3169 Triptolemum
1650 3090 1792 3150 rultdili-

210 3151 305 3209 minus
332 3151 493 3210 necessaria
526 3152 580 3210 luit
614 3151 758 3228 mysteriis
791 3152 974 3211 instituendis
1027 3193 1127 3256 geme,
1141 3177 1272 3236 adsum„
1289 3178 1449 3237 magonem
1463 3178 1717 3238 „studemfluic
1735 3199 1793 3236 οη,

210 3257 296 3316 quam
305 3239 433 3297 Minerva
442 3244 596 3318 Areopago
606 3238 819 3297 constituendo.
830 3241 973 3310 Quocirca
1028 3267 1101 3326 ,50⁰5
1116 3265 1283 3325 ,indicandi
1302 3285 1402 3325 ,mus
1425 3266 1504 3346 apud
1524 3269 1704 3344 Dionysium
1720 3269 1739 3325 q·
1755 3288 1793 3338 e.,

211 3327 294 3386 facile
312 3325 470 3386 credideris
486 3327 634 3388 Eleusinia
658 3328 739 3406 prius
756 3346 818 3386 esse
841 3329 972 3388 instituta
1028 3355 1078 3433 qu,
1091 3367 1157 3433 po„
1167 3355 1216 3413 iga
1229 3353 1315 3412 verba
1331 3375 1396 3433 (με
1408 3355 1615 3434 exscripsimus
1627 3357 1669 3414 itn
1684 3357 1792 3435 pergit:

224 3506 231 3519 ,
818 3505 868 3518 ,,
933 3508 939 3520 ,
1028 3443 1145 3524 Ἀπόχρη
1166 3442 1193 3502 δὲ
1211 3448 1294 3501 ταῦτα
1311 3441 1378 3521 μόνα
1394 3442 1520 3523 λεχθέντα
1541 3447 1594 3502 τῶν
1617 3443 1792 3520 ἴαμῆείοινὲν

210 3519 299 3564 uatus
317 3518 348 3564 et
367 3503 542 3564 immentum
563 3517 591 3563 et
607 3505 715 3564 cultum
729 3510 841 3564 Cereris
859 3507 973 3566 inaltus
1028 3521 1065 3598 οἷς
1077 3552 1142 3612 W
1155 3529 1265 3610 (Ceres)

210 3609 302 3653 terras
321 3608 503 3673 propagaret.
527 3601 619 3672 Atque
645 3593 812 3672 tragoediam
839 3595 867 3652 in
894 3595 972 3654 lrunc

210 3683 328 3742 modum
355 3684 544 3761 compositam
567 3681 735 3755 crederem,
762 3683 817 3741 nisi
842 3682 972 3760 quaedam
1028 3669 1112 3750 [³²9]
1132 3662 1182 3734 Τὰ
1199 3655 1229 3731 δ’
1243 3659 1379 3743 siderate
1394 3667 1491 3759 χῑῑρὸς
1507 3666 1547 3744 Εἷς
1564 3661 1608 3732 τὰ
1625 3659 1716 3745 δεξιὰ

209 3772 369 3848 fragmenta
379 3771 526 3848 tragoediae
539 3771 743 3848 reperirentur,
755 3790 818 3848 quae
829 3770 897 3829 lvuic
909 3791 974 3830 sen·
1131 3779 1292 3872 Oivorple-
1301 3806 1335 3847 ,g
1353 3786 1440 3848 πᾶσα
1453 3779 1504 3848 χαὶ
1519 3783 1710 3875 Τυρρηνικὸς

211 3860 307 3918 tentiae
329 3872 532 3938 repugnarent.
553 3859 610 3918 Vix
631 3858 708 3919 enim
731 3857 858 3918 dubitari
878 3872 973 3937 potest

210 3945 281 4022 quin
294 3946 505 4023 Triptolemum
523 3959 609 4025 poeta
623 3946 723 4006 lecerit
736 3947 767 4004 iu
784 3948 908 4025 patriam
921 3967 971 4008 re·

212 4052 327 4091 versum
345 4033 444 4111 ibique
467 4048 673 4114 exponentem,
687 4055 751 4113 quae
764 4035 820 4114 ipsi
842 4037 973 4114 contige-
1025 4043 1069 4099 Ex
1087 4037 1220 4116 Dionysii
1236 4037 1335 4098 verbis
1348 4040 1435 4098 etiam
1457 4039 1521 4098 aliis
1545 4040 1683 4098 versibus
1698 4041 1793 4100 eaden

211 4119 278 4179 rint.
1024 4126 1085 4186 haec
1097 4147 1233 4205 expressa
1248 4148 1309 4188 esse
1331 4128 1496 4187 concludas.
1520 4129 1593 4188 lluic
1612 4128 1792 4207 adjunxerim

251 4213 321 4284 Quae
336 4229 425 4286 quum
438 4211 477 4269 itu
493 4213 568 4284 sint,
590 4231 648 4271 non
673 4211 774 4271 dubito
796 4214 866 4291 quin
887 4227 974 4292 poeta
1025 4235 1090 4294 quae
1102 4229 1168 4274 sunt
1180 4217 1258 4295 apud
1269 4216 1358 4276 schol.
1371 4217 1481 4296 0Edip.
1493 4219 1554 4277 Col.
1567 4219 1625 4286 501.
1640 4239 1647 4275 :
1664 4220 1792 4298 Χρῆσται,

214 4296 375 4375 exemplum
387 4297 526 4374 AEschyli,
537 4299 587 4376 qui
599 4299 628 4356 in
639 4300 846 4360 Eumenidibus
857 4303 973 4380 longum
1024 4302 1101 4384 χρείη
1111 4300 1195 4376 ἔσται,
1207 4303 1275 4364 κατὰ
1284 4303 1454 4386 συναλοιφὴν,
1462 4303 1580 4387 χρῆσται
1593 4305 1654 4364 ἀντὶ
1662 4312 1712 4366 τώ·
1722 4307 1791 4386 yprin

211 4385 552 4464 tragoediaeintervalluvn
569 4387 762 4465 interposuit,
781 4390 810 4447 iu
825 4391 880 4448 lmc.
897 4411 974 4469 quo·
1025 4388 1108 4451 lacet.
1127 4393 1261 4464 Δηλοῦται
1275 4391 1304 4452 il
1322 4391 1418 4452 reicis
1441 4391 1472 4452 ri
1493 4391 1597 4464 δεήσαι·
1620 4393 1668 4452 καὶ
1687 4395 1715 4454 ἐν
1730 4397 1793 4473 Τρι-

210 4494 268 4552 que
284 4475 449 4554 tragoedia,
473 4493 538 4553 quae
563 4487 626 4532 erat
650 4491 818 4553 argumento
847 4478 973 4555 quodam
1025 4479 1171 4563 πτολέμῳ·

211 4575 297 4642 pacto
311 4583 369 4622 non
384 4564 477 4622 aliena
498 4561 535 4621 ab
547 4561 617 4635 illa,
641 4576 756 4623 secutus
770 4565 816 4623 sit.
836 4569 972 4643 Magnum

210 4652 328 4731 quidem
340 4665 401 4712 erat
413 4652 612 4726 intervallum3
625 4664 654 4711 at
666 4654 861 4732 Triptolemus
875 4656 974 4716 draco·
1022 4619 1106 4704 [³³⁰]
1122 4619 1264 4712 xiim
1280 4610 1316 4685 δέ
1331 4622 1358 4685 θ’
1372 4608 1611 4695 plinthine}
1626 4669 1634 4686 ·
1650 4669 1658 4686 ·
1675 4665 1685 4682 ·

167 4784 172 4792 .
210 4739 296 4800 nibus
311 4761 364 4820 per
375 4761 469 4800 aerem
482 4754 581 4800 vectus
593 4762 652 4801 non
665 4755 722 4802 tam
738 4743 837 4803 docuit
849 4745 974 4823 agricul-
1023 4746 1052 4827 (ι
1062 4753 1167 4807 Veram
1182 4748 1356 4827 scripturam
1371 4767 1435 4808 esse
1449 4745 1502 4828 χρὴ
1521 4750 1612 4822 ’σιαι,
1638 4749 1755 4810 ostendi
1766 4751 1791 4808 in

213 4841 306 4889 turam
331 4849 417 4908 quam
441 4831 515 4890 sevit
536 4830 712 4891 frumentum
728 4877 737 4906 ‚
758 4833 836 4910 quod
864 4835 973 4892 atrxilio
1023 4836 1214 4895 annotatione
1252 4835 1288 4894 ad
1322 4837 1418 4895 locum
1453 4833 1574 4914 0Edipi.
1599 4863 1613 4887 »
1646 4835 1790 4912 Dindoqll

1129 3893 1243 3973 ametor
1257 3898 1430 3990 Λιγυστική
1443 3921 1477 3963 τε
1493 3905 1532 3990 γῆ
1553 3921 1586 3961 σε
1606 3887 1743 3974 δέξεται.

1648 4963 1786 4980 ——n

560 5036 622 5087 828.
1097 5032 1231 5090 OEnotria
1244 5033 1333 5090 omnis
1348 5041 1377 5089 et
1390 5025 1548 5106 tyrrhene

300 5111 415 5181 itepone
427 5108 457 5166 in
470 5109 555 5166 animi
566 5110 667 5168 tabulis
677 5111 759 5168 verba
771 5127 841 5168 mea.
1099 5112 1175 5170 sinus
1188 5112 1333 5186 solumque
1345 5112 1515 5185 ligusticum
1528 5119 1555 5169 te
1569 5113 1698 5185 accipiet.

283 5266 351 5336 Quae
362 5195 715 5338 posteasuntnd²ddxtram
728 5285 856 5337 manum,
1152 5273 1343 5344 openetrum
1355 5197 1565 5328 tdidderursus
1568 5309 1637 5328 ......
