3680 5790
567 433 778 536 soPflocals
798 433 1050 497 FRAGMENTA.
1554 437 1603 492 ait

839 565 1606 648 ,viditlphiuoemustosportaanunciavltiiypsipylae

841 657 956 735 reginae.
971 657 1026 716 Cui
1044 658 1153 734 Polyxo
1171 669 1255 716 aetarte
1273 657 1430 716 constituta
1447 655 1527 716 dedit
1541 678 1607 717 con·

30 742 92 826 Ιαριλ
126 743 263 825 Σοφοκλεῖ
290 743 317 802 ir
345 739 497 822 Ἀθάμαντι.
528 745 698 806 Welcherns
725 745 786 804 haec
840 744 952 820 silium,
977 757 1008 804 ut
1036 766 1086 805 eos
1111 744 1221 804 laribus
1245 743 1441 823 hospitalibus
1463 743 1608 823 obligaret

30 833 100 892 erba
107 833 203 912 ipsius
214 832 396 894 Athamantis
407 833 603 912 resipiscentis
612 855 673 893 esse
688 847 786 914 putat;
841 831 1026 911 hospitioque
1048 833 1216 894 inritaretn
1235 834 1332 894 Schol.
1352 833 1435 894 Pind.
1458 834 1543 910 Pyth.
1555 837 1607 906 IV,

30 941 192 1001 requerere
212 920 372 980 absurdum
389 934 432 980 est
448 941 482 980 ea
495 923 616 997 nuncio,
635 925 686 1001 qui
701 925 787 982 Atha·
842 921 897 979 30³
914 943 922 980 a
938 921 1021 1001 [380]
1036 920 1144 988 Πάντας
1157 922 1294 1002 Σοφοκλῆς
1306 924 1333 981 ir
1346 929 1404 990 ταῖς
1417 920 1554 1000 Λημνιάσι
1570 923 1608 1004 τῷ

30 1011 116 1068 nantis
138 1009 256 1068 obitum
270 1010 412 1084 retulerit,
426 1009 601 1072 adscribere.
622 1011 786 1070 Valckena-
841 1008 959 1091 δράματι
973 1009 1114 1088 καταλέγει
1134 1008 1193 1077 τοὺς
1213 1013 1250 1078 είς
1262 1009 1293 1070 τὸ
1314 1011 1427 1092 Ἀργῷον
1442 1009 1607 1078 εἰσελθόντας

32 1099 74 1158 ius
85 1097 213 1158 Diatrib.
229 1119 259 1178 p.
275 1099 330 1156 rao
349 1118 450 1158 versus
470 1099 549 1180 apud
570 1099 785 1178 Athenagoram
840 1096 947 1179 σκάρος.
964 1099 1062 1159 Schol.
1079 1099 1216 1178 Apoll'ou.
1234 1104 1263 1171 1,
1286 1100 1342 1174 773
1356 1123 1363 1157 :
1377 1097 1510 1178 Αἰσχύλος
1532 1097 1559 1158 δὲ
1580 1100 1608 1157 ἰν

30 1192 94 1265 Leg.
109 1187 160 1266 26)
169 1207 206 1246 ex
218 1187 392 1247 Athamante
403 1187 448 1247 vcl
460 1193 514 1247 hro
529 1187 672 1266 tragoedils
682 1189 787 1266 petitos
840 1182 978 1266 Ὑψιπύλη
991 1188 1018 1245 ἐν
1031 1183 1121 1253 ὅπλοις
1135 1187 1215 1268 pacis
1237 1185 1316 1253 αὐτάς
1336 1184 1493 1253 ἐπελθοάσας
1512 1209 1608 1267 χιιμα·

30 582 93 663 tta]
105 565 153 660 Ως
170 580 213 648 ὢν
231 574 322 658 άπαις
339 604 374 647 τι
390 571 537 674 κάγιίνοιιὶ
551 579 719 660 κοίνίστιος.

30 1298 75 1336 sse
89 1277 245 1338 observat:
260 1276 314 1338 Kal
322 1275 382 1336 Ἰνὼ
395 1275 464 1356 μετὰ
476 1275 525 1351 chr
541 1277 637 1358 μανίαν
650 1277 788 1358 (Ἀθάμαν-

30 1367 68 1444 υς)
80 1363 135 1426 θοθν
151 1365 290 1436 δοξάζουσι
303 1364 436 1446 γιγονίναι

32 1507 97 1586 tta]
122 1503 251 1570 Πόντου
267 1502 419 1590 πλάνητες
435 1504 603 1574 Λευκοθέαν
618 1505 787 1598 ἐπώνυμον,

30 1643 60 1701 ni
72 1641 116 1702 rhu
128 1644 215 1704 παῖδα
231 1644 324 1716 adt-“qe

30 1801 98 1881 ¹³80]
120 1791 237 1880 Σιμνὸς
249 1786 419 1882 Παλαίμων
431 1785 582 1869 ναυτῦιοις
593 1793 786 1866 κεκλήσεται.

30 1920 75 1993 Qui
91 1939 192 1980 versus
202 1921 230 1979 si
245 1932 287 1978 est
303 1917 390 1997 hujus
406 1917 561 2000 tragoediae,
575 1919 623 1980 dei
640 1922 787 1981 interven·

30 2028 78 2066 ,um
91 2008 210 2082 iudicet,
227 2010 276 2087 qui
298 2008 369 2089 quid
391 2009 521 2067 staturum
543 2024 630 2082 esset,
645 2009 788 2090 praedixit.

30 2099 62 2154 Es
84 2100 136 2154 Ino
158 2096 261 2156 sabula
281 2110 393 2156 sumtus
411 2115 474 2156 esse
488 2109 585 2174 potest
600 2098 681 2157 locus
695 2102 788 2176 Hesy-

30 2183 78 2242 :hli
101 2184 261 2258 ιάλυτον,ν
279 2185 453 2262 άκατάλυτον,
482 2184 697 2247 ἀκατάπαυστον.
721 2189 787 2269 Σορ.

30 2271 95 2347 iret,
108 2294 196 2352 quem
224 2276 255 2334 in
279 2276 374 2335 Οἰκλεῑ
395 2275 554 2354 posuimus.
566 2275 624 2336 Sed
645 2276 725 2354 quod
745 2291 788 2336 est

30 2361 95 2438 rpud
114 2363 291 2422 Athenaeum
305 2383 334 2442 p.
348 2368 418 2434 Illi,
443 2383 547 2422 vereor
571 2383 608 2422 ne
629 2366 788 2425 Brunclrius

30 2448 105 2508 salsus
119 2451 171 2520 sit,
193 2471 287 2532 quum
302 2451 448 2530 tragoediae
462 2451 531 2510 huie
548 2454 693 2513 senarium
707 2455 788 2514 illum

30 2538 204 2602 adscriberet.

320 2667 507 2695 ψ

321 2777 491 2840 LEMNIAE.

64 2925 272 2999 Argumentum
308 2921 516 3000 explicavimus
553 2925 584 2983 in
624 2928 790 3006 fragmentis

31 3008 154 3086 AEschyli.
170 3011 334 3070 Bruucltius
344 3022 440 3069 autem
455 3012 516 3070 haec
525 3012 680 3094 adscripsit
690 3037 697 3073 :
708 3043 720 3068 ι
732 3023 790 3076 No-

31 3107 99 3168 tum,
113 3098 224 3177 inquit,
247 3100 384 3158 dramatis
398 3114 619 3179 argumentum,
633 3109 788 3183 Argonau-

32 3195 114 3244 tarum
129 3189 157 3246 in
172 3193 315 3248 Lemnum
329 3190 484 3268 appulsus,
498 3211 564 3250 curu
579 3193 708 3253 Lemniis
728 3215 791 3255 mu-

32 3272 139 3334 lieribus
151 3297 334 3356 congressus,
347 3298 434 3356 quem
454 3291 554 3338 narrat
576 3285 790 3360 Argonautico-

33 3381 87 3420 rum
111 3381 199 3442 poeta
225 3365 278 3424 lib.
306 3370 328 3440 l,
350 3386 379 3427 ν.
404 3367 470 3444 609.
505 3372 676 3428 correctum
702 3373 790 3433 luisse

33 3450 137 3510 ridetur
148 3466 216 3532 post
230 3453 353 3532 primam
372 3455 555 3538 emissionem
574 3458 737 3538 iterumque
760 3463 790 3522 iu

34 3557 135 3598 scenam
157 3542 319 3602 inductum.
343 3545 417 3601 Nam
435 3563 451 3602 a
471 3545 618 3624 Stephano
639 3548 668 3605 iu
689 3547 789 3610 Δώτιον

34 3622 175 3687 laudantur
186 3628 307 3709 Λήμνιαι
320 3629 445 3714 πρότεραι
462 3644 517 3694 etc.
531 3659 543 3686 ιι
556 3634 726 3696 Welcherus
738 3659 790 3697 ne-

34 3728 73 3791 gat
83 3718 157 3794 apud
169 3719 360 3800 Apollonium
372 3720 531 3799 quidquam
546 3723 646 3802 tragici
656 3727 789 3805 reperiri.

35 3800 68 3859 ab
78 3809 154 3884 Argo
169 3829 256 3882 nave,
269 3809 379 3887 iuquit,
394 3808 539 3870 AEthalide
554 3831 687 3890 praecoue
702 3816 789 3874 misso

35 3891 147 3954 Lemniae
163 3897 338 3957 consultant.
350 3897 512 3976 Hypsipyla
526 3911 558 3958 ut
570 3898 648 3960 dona
662 3901 789 3982 hospita-

840 1273 957 1354 ζομάνοις
967 1273 1165 1356 Ἀργοναύταις,
1180 1275 1272 1358 μέχρις
1286 1268 1315 1335 oi
1339 1275 1415 1358 ὅρκον
1432 1274 1527 1334 {habor
1544 1294 1600 1353 παρ

840 1364 926 1423 αὐτῶν
939 1364 1089 1432 άποὸάντας
1101 1364 1241 1444 μίσγεσθαι
1257 1369 1357 1434 αὐταῖς.
1374 1367 1512 1446 Σοφοκλῆς
1531 1363 1559 1422 δὲ
1581 1366 1607 1424 ἔν

839 1451 973 1531 Λημνίαις
986 1452 1032 1512 καλ
1046 1453 1137 1534 μάχην
1155 1454 1266 1534 ἰσχυράν
1290 1451 1368 1519 aiche
1388 1451 1502 1533 συνάψαι
1518 1451 1607 1534 φησίν.

840 1546 941 1620 Itaque
956 1541 1082 1602 Lemniae
1095 1542 1197 1602 eodem
1207 1556 1378 1622 argumento
1389 1543 1504 1622 scriptae
1515 1555 1608 1618 eraut,

842 1649 901 1709 quo
917 1632 1081 1710 Hypsipyle
1097 1631 1245 1711 AEschyli,
1267 1633 1324 1691 uisi
1347 1631 1428 1712 quod
1448 1630 1609 1708 Sophocles

842 1739 968 1799 pugnam
980 1740 1098 1799 gravem
1111 1721 1292 1780 commissam
1305 1741 1367 1780 esse
1378 1719 1499 1781 addidit.
1514 1719 1609 1780 Schol.

842 1809 878 1867 ad
890 1809 972 1870 iliad.
983 1814 1020 1886 Η,
1035 1811 1102 1870 368.
1114 1815 1183 1872 Haec
1198 1810 1357 1888 sufficiunt,
1369 1831 1407 1870 ex
1421 1809 1528 1888 quibus
1538 1829 1609 1876 con·

842 1896 980 1957 stituatur
1012 1911 1214 1978 argumentum
1240 1899 1398 1979 tragoedia.
1428 1899 1503 1958 Satis
1530 1898 1609 1958 eninr

841 1999 954 2046 constat
978 2001 1095 2065 poetam
1127 1993 1360 2066 Argonautarum
1393 1985 1549 2046 adventum
1578 1986 1610 2046 iu

842 2079 952 2135 Lemno
962 2077 1057 2136 insula
1071 2075 1256 2156 descripsisse
1266 2077 1433 2155 bellumque
1444 2089 1610 2156 susceptum

843 2177 872 2223 et
886 2186 986 2246 pacem
1005 2165 1118 2224 sacram.
1140 2171 1239 2239 Quum
1261 2186 1330 2226 vero
1351 2185 1448 2244 pugna
1470 2185 1508 2225 ex
1530 2185 1611 2226 more
1683 2169 1688 2180 '

842 2259 1010 2314 Graecorum
1026 2255 1056 2313 iu
1075 2275 1160 2314 scena
1174 2255 1236 2314 lieri
1253 2274 1312 2313 non
1330 2254 1476 2335 potuerit,
1499 2255 1610 2335 perspi-

843 2361 932 2403 cuum
952 2357 995 2401 est
1007 2344 1105 2402 omnia
1127 2344 1205 2402 inter
1225 2345 1358 2403 Lemnias
1381 2345 1468 2422 ipsas,
1490 2343 1612 2404 sortasse

843 2445 911 2491 ante
920 2431 1039 2490 domum
1050 2432 1231 2510 Hypsipyle,
1244 2452 1303 2491 non
1316 2431 1353 2490 ad
1367 2452 1456 2507 mare,
1470 2445 1612 2493 transacta

843 2541 913 2581 esse.
927 2525 1029 2599 Itaque
1042 2519 1211 2580 Welclterus
1232 2519 1400 2599 tragoediam
1419 2519 1464 2578 bis
1481 2521 1611 2581 terminis

843 2609 1081 2688 comprehensam
1092 2620 1184 2688 putat,
1199 2621 1230 2666 ut
1244 2629 1261 2668 a
1273 2607 1343 2666 belli
1357 2621 1467 2667 terrore
1480 2606 1518 2667 ad
1532 2610 1611 2688 pacis

844 2698 1085 2778 compositionem
1108 2709 1137 2755 et
1160 2697 1399 2776 tranquillitatem
1426 2702 1611 2775 Argonauta·

845 2806 919 2860 rum,
939 2798 1000 2844 tum
1015 2784 1052 2843 ad
1072 2784 1179 2844 liberos
1199 2785 1327 2844 Lemnils
1347 2785 1519 2864 quaerendos
1538 2805 1611 2865 pro-

844 2876 968 2934 cederet.
982 2874 1123 2946 Chorum,
1137 2874 1187 2952 qui
1199 2873 1334 2934 omuibus
1347 2873 1436 2934 rebus
1450 2874 1610 2954 transigen-

843 2963 887 3022 dis
900 2963 1072 3036 interfuerit,
1087 2963 1166 3021 raria
1180 2962 1269 3022 animi
1289 2963 1487 3023 commotione
1506 2963 1611 3024 carmi·

844 3051 929 3111 nibus
944 3049 1124 3110 manifestata
1137 3051 1278 3130 insignem
1293 3051 1380 3111 luisse
1389 3051 1512 3131 judicat.

883 3141 1008 3200 Difficile
1023 3153 1066 3198 est
1088 3161 1158 3199 vero
1176 3141 1273 3201 dicere
1295 3141 1405 3220 aliquid
1426 3142 1462 3200 de
1482 3141 1612 3218 consilio,

844 3229 923 3311 quod
938 3240 1024 3309 poeta
1037 3229 1066 3288 in
1079 3231 1283 3309 componenda
1295 3229 1434 3310 tragoedia
1449 3242 1565 3291 secutus
1576 3229 1613 3290 sit

844 3318 982 3397 quodque
1010 3316 1189 3397 praecipuum
1217 3319 1306 3377 luerit
1334 3329 1526 3391 momentum,
1553 3336 1613 3396 quo

843 3405 932 3464 animi
949 3418 1146 3485 spectatorum
1165 3406 1270 3465 lortius
1291 3415 1474 3484 caperentur.
1489 3403 1613 3464 Facilius

844 3496 1004 3574 fragmenta
1013 3495 1207 3575 explicantur.
1217 3494 1340 3556 Videtur
1352 3494 1430 3554 enim
1442 3493 1613 3573 Hypsipyle,

844 3596 877 3642 ut
891 3583 1023 3643 Eteocles
1041 3585 1071 3642 in
1091 3584 1222 3661 AEschyli
1235 3583 1386 3662 tragedia,
1411 3603 1476 3661 quae
1495 3586 1613 3660 Septem

842 3671 980 3732 adversus
998 3671 1112 3731 Thebas
1132 3671 1310 3746 inscribitur,
1335 3671 1471 3730 nunciam
1491 3669 1613 3750 misisse,

843 3782 908 3841 quae
921 3762 957 3822 ‹le
969 3763 1091 3842 appulsu
1102 3767 1336 3839 Argonautarum
1350 3759 1474 3819 certiora
1485 3757 1611 3819 afferret.

844 3855 912 3911 Haec
927 3852 1049 3910 sortasse
1069 3850 1195 3929 Iphinoe
1210 3849 1278 3920 tuit,
1301 3870 1366 3928 quae
1388 3867 1505 3909 reversa
1523 3865 1614 3928 expo·

844 3940 913 4014 suit,
927 3959 1001 4017 quos
1017 3938 1133 4002 viderit.
1148 3938 1266 4000 Scholia
1282 3937 1400 3998 Pindari
1414 3956 1503 4018 supra
1514 3935 1611 3997 citata.

35 3977 190 4064 indentur,
204 3985 319 4058 suadet,
339 3985 401 4064 ejus
414 3988 528 4062 nutrix,
549 4001 582 4048 ut
595 3987 729 4070 conjugia
743 3993 790 4051 in·

36 4081 132 4131 eantur.
154 4074 268 4134 Deinde
287 4075 423 4135 enuncia
437 4077 533 4155 aliqua
553 4079 667 4138 invitati
686 4080 789 4161 hospi-

36 4153 122 4254 tioque
136 4164 250 4244 excepti
267 4165 473 4224 commercium
487 4169 594 4226 amoris
605 4188 672 4227 cum
691 4171 790 4229 mulie·
844 4175 926 4256 [aar]
948 4161 1116 4264 Φιρητίθης
1133 4175 1161 4238 τ’
1178 4151 1327 4263 Adplicor
1338 4163 1390 4248 ἦθ’
1407 4177 1423 4241 d
1440 4170 1570 4253 Λωτιιθς

37 4241 106 4305 abus
126 4249 234 4311 habeut
255 4253 383 4312 discessu
403 4255 434 4312 in
455 4254 516 4314 dies
540 4257 670 4337 prolato,
695 4257 789 4318 donec

37 4335 161 4398 Hercules
189 4361 239 4402 eos
259 4342 411 4417 admonet,
433 4363 469 4402 ne
493 4358 657 4426 susceptum
680 4346 789 4406 bellum

38 4422 166 4486 amittant.
188 4435 274 4490 lason
289 4430 385 4490 valere
403 4433 525 4491 comiter
537 4432 624 4512 jubet
640 4435 791 4516 Hypsipy-
844 4440 936 4520 Vulgo
950 4439 1089 4522 Κορυνθς,
1103 4442 1154 4502 sed
1170 4443 1237 4502 vide
1247 4443 1354 4504 Arcad.
1372 4449 1417 4504 De
1436 4463 1497 4503 acc.
1512 4462 1542 4524 p.
1560 4445 1610 4517 66,

38 4505 90 4611 λιιιιι
104 4533 193 4595 eaque
216 4518 340 4594 ordinat,
362 4540 427 4598 quae
446 4520 521 4597 lilio,
533 4543 621 4601 quem
641 4524 691 4583 illa
716 4539 791 4585 esset
845 4549 873 4608 9.
885 4536 911 4589 A
928 4531 1038 4590 nuncio
1059 4531 1191 4609 quadam
1207 4531 1244 4591 de
1257 4531 1390 4604 vhostium
1410 4530 1518 4592 robora
1533 4529 1609 4592 reie-

38 4612 166 4676 pentura,
189 4609 249 4668 [ieri
264 4609 341 4669 velit.
358 4610 491 4688 Hyginus
517 4611 594 4690 (XV)
613 4611 712 4671 eadem
729 4614 790 4674 lere
846 4631 965 4691 rantur,
979 4621 1010 4680 iu
1025 4639 1098 4698 quos
1110 4641 1185 4681 uuus
1206 4622 1337 4681 omnium
1348 4621 1473 4680 manne
1487 4619 1611 4702 iusignia

39 4682 132 4764 habet,
154 4715 217 4773 quae
230 4697 399 4776 Apollonius
423 4719 430 4754 :
456 4699 602 4758 «interim
615 4703 792 4779 Argonautae
845 4708 980 4766 Lemnias
1011 4727 1042 4767 se
1074 4707 1263 4768 subacturum
1291 4705 1473 4787 profiteatur.
1507 4709 1612 4788 taque

39 4789 252 4862 praenavigantes
283 4791 395 4845 Lemno
422 4801 613 4847 accesserunt.
640 4791 727 4863 Quod
759 4805 791 4852 ut
845 4795 1006 4875 Hypsipyle
1032 4796 1208 4875 respondet,
1225 4795 1305 4874 quod
1326 4808 1370 4855 est
1385 4795 1465 4875 apud
1479 4794 1610 4857 Scholia-

843 4028 970 4086 Nomina
982 4039 1049 4086 suut
1062 4025 1141 4105 apud
1154 4025 1293 4106 Stephon.
1307 4045 1335 4082 ν.
1346 4022 1461 4084 Adrum
1551 4058 1557 4070 ·

950 4285 1089 4366 Λαπίθης
1106 4285 1260 4380 Κόρωνος.

373 4961 436 5012 378.

40 5011 69 5066 iit
81 5017 125 5087 qui
136 5021 186 5078 sim
198 5021 244 5080 vel
255 5023 292 5081 sit
304 5025 363 5082 sine
373 5025 481 5094 liberis,
496 5042 589 5094 uxore,
604 5025 698 5086 domo.
1194 4969 1257 5023 Μ’

373 5101 436 5153 ³⁷9.
875 5031 1055 5091 venerandus
1069 5029 1332 5171 Palaemonggoem
1339 5047 1356 5092 q
1370 5028 1572 5110 mmm.

41 5149 111 5213 liaris
130 5135 299 5238 narigatores
315 5167 500 5224 Leucotheam
520 5168 712 5241 cognominem
730 5174 787 5240 (rc-
959 5183 1079 5241 Phorcus
1093 5179 1229 5242 Admetus
1240 5191 1269 5242 ot
1283 5179 1427 5244 Dotitatia

466 5249 556 5315 eant).
964 5252 1228 5327 Iapithacoronns.

159 5325 283 5366 ιονιισιιισ
298 5325 449 5365 marma.
1443 5329 1474 5382 ,γ
