3656 5798
601 411 777 478 ruscum
796 405 1043 470 FRAGMENTA.

43 565 123 646 pirna,
137 558 228 624 utar.
246 551 380 636 Αἰσχύλος
394 549 490 622 Ἰξίονι.
502 547 567 608 Νοιν
581 557 625 607 est
637 542 792 604 obscurum

45 656 74 719 td
86 654 209 717 lxionem
230 647 282 707 illa
301 642 402 704 referri
421 660 481 700 non
501 657 594 719 posse.
608 641 709 714 ltaque
733 651 793 692 non

45 744 155 805 absurde
180 737 282 798 leserit
294 779 302 809 ,
316 735 367 815 qui
386 732 472 794 Diam
496 727 606 788 Ixionis
625 723 794 802 conjugem,

45 836 132 901 llionei
149 834 252 911 filiam,
264 828 331 890 tovi
345 845 400 908 pro
414 823 518 886 marito
531 820 708 902 supplicasse
723 836 796 876 con·

42 926 137 1005 jacent

76 1027 189 1080 Prorsus
201 1017 365 1095 ignoratur,
381 1010 453 1090 quid
468 1009 585 1068 tertium
604 1007 796 1086 fragmentum

45 1105 301 1186 mutinuerit,quod
314 1114 356 1163 est
370 1101 447 1181 apud
461 1093 796 1175 hthenaeumIV,p.182,

46 1193 208 1258 resultasti
222 1191 342 1260 καὶτοὺς
359 1187 522 1259 διόπους·ἔτι
535 1185 564 1248 δὲ
578 1184 623 1246 καλ
638 1181 799 1264 μεσοκόπους

46 1283 259 1364 ιοὶκσλοομὲνοος
269 1279 438 1364 inaspicuas.
446 1276 565 1354 Οἴδαμεν
575 1273 603 1334 δὲ
612 1273 658 1334 καλ
668 1270 798 1352 ἡμιόπους

47 1375 214 1454 κολωμένους.
222 1381 292 1436 Haec
300 1372 335 1432 de
345 1371 424 1430 tibiis
432 1369 670 1446 Athenaeus,qun
680 1377 729 1424 aut
739 1365 799 1423 duo

48 1466 142 1526 babent
159 1464 301 1524 foramina
321 1475 371 1521 aut
393 1462 424 1519 in
443 1457 539 1518 medio
561 1469 628 1516 sunt
648 1455 800 1534 perforatae

48 1569 90 1614 aut
98 1555 176 1614 aliter
181 1554 343 1613 fabricatae.
355 1548 466 1611 Deinde
478 1546 572 1607 addit:
582 1544 645 1606 Εἰσὶ
658 1543 683 1604 δ’
693 1547 716 1604 οἱ
728 1543 802 1604 stlat

49 1645 172 1713 ἐλάσσονες
179 1645 232 1703 σῶν
241 1641 358 1702 τελείων.
366 1636 497 1720 Αἰσχύλος
505 1641 568 1716 γοῦν
575 1633 644 1696 κατὰ
652 1633 801 1719 μεταφορὰν

51 1737 73 1792 ἓν
83 1733 164 1803 Ἰξίονί
180 1751 262 1816 φησι·

95 1853 172 1934 [277]
188 1853 250 1921 Τὸν
267 1841 296 1918 δ’
309 1841 438 1942 ἡμίοπον
459 1845 511 1916 καὶ
528 1845 580 1914 τὸν
601 1843 751 1914 ἐλάσσονα

96 1963 207 2054 ταχέως
228 1965 244 2027 d
261 1961 356 2053 μέγας
374 1951 545 2022 καταπίνει.

52 2081 202 2160 (Personus
225 2078 273 2140 καλ
305 2075 350 2138 τὸν
373 2072 489 2136 ἐλάσσω.
512 2074 634 2134 Bothius
657 2093 690 2132 ea
716 2069 807 2132 verba

52 2170 119 2229 delet
128 2183 160 2229 ut
173 2171 307 2249 glossam.
317 2162 450 2244 Ἦμίοπον
460 2164 538 2224 αὐλὸν
552 2185 588 2223 ex
598 2165 653 2223 hoc
668 2163 733 2222 loco
748 2183 809 2222 me·

55 2270 136 2318 morat
147 2261 249 2320 Pollux
259 2264 317 2333 VI,
339 2263 408 2332 161,
428 2255 493 2318 coll.
510 2261 561 2333 lv,
579 2254 637 2333 77.)
651 2257 724 2314 Sunt
741 2253 805 2332 qui,

55 2369 131 2427 quum
141 2350 295 2428 AEsohylus
309 2371 379 2410 uoce
394 2347 507 2428 ἡμίοπον
526 2343 725 2424 metaphorice
741 2363 809 2402 usus

55 2440 97 2507 sit,
109 2451 139 2498 ut
159 2440 314 2520 significet,
332 2441 425 2500 miurus
447 2435 525 2518 quod
549 2436 586 2494 sit
606 2446 634 2492 et
654 2434 773 2492 inferius
793 2453 810 2492 a

55 2529 149 2608 majore
164 2531 315 2592 obscurari
328 2544 357 2590 et
371 2530 453 2612 quasi
467 2526 612 2606 deglutiri,
623 2525 810 2586 noxamlxio·

57 2621 92 2679 nis
106 2623 227 2700 priorem
247 2621 371 2700 intelligi
387 2619 519 2692 credant,
534 2637 598 2697 quae
617 2637 634 2675 a
649 2616 811 2695 posteriore

55 2711 145 2770 delicto
155 2730 275 2792 prorsus
285 2711 456 2771 obscuretur
466 2722 494 2768 et
505 2707 688 2788 deglutiatur.
698 2712 812 2766 Fortas-

56 2819 82 2857 se
91 2801 128 2858 illi
139 2819 237 2861 versus
249 2801 342 2878 ipsius
358 2801 475 2859 fuerunt
487 2799 614 2870 Ixionis,
627 2797 652 2856 si
665 2796 812 2874 antiquior

57 2889 169 2949 Athenaei
184 2892 330 2969 scriptura
341 2890 438 2949 verior
449 2899 502 2948 est.

90 2981 142 3038 Vix
152 2979 346 3040 dubitandum
357 2992 400 3038 est
413 2979 483 3057 quin
496 2975 641 3055 tragoedias
652 2973 813 3034 ascribendi

56 3068 106 3125 siut
119 3089 231 3144 versus,
254 3089 329 3148 quos
348 3069 475 3128 servarit
495 3066 662 3126 Eustathius
681 3063 716 3123 ad
733 3064 813 3124 lliad.

59 3176 82 3234 p.
97 3159 182 3231 1183,
204 3161 262 3218 18:
284 3157 438 3236 Σημσῖωσοιι
455 3155 482 3216 δὲ
506 3153 546 3215 ὅτι
567 3153 713 3227 ἐπιτήδειος
730 3150 814 3213 ἐδόκει

58 3243 112 3325 πρὸς
122 3247 254 3330 καθαρμὸν
271 3250 344 3315 doit
352 3291 361 3322 ,
375 3248 409 3313 ὣς
424 3247 500 3318 δηλοῖ
514 3243 644 3324 Αἰσχύλος
656 3245 683 3302 ἐν
695 3246 752 3326 τῷ,

60 3367 133 3446 [278]
147 3367 222 3461 lipia
236 3364 273 3435 ica
283 3372 456 3462 παλαγμοῒς
473 3369 604 3459 αἵματος
618 3365 814 3460 χοιροκτόνου

61 3477 140 3556 αὐτός
154 3503 186 3544 σο
199 3475 310 3570 χροίναι
325 3475 396 3554 Ζεὺς
410 3466 610 3552 καταοτοίξας
623 3479 734 3567 χεροῖν.

94 3609 219 3687 Denique
253 3626 291 3666 ex
322 3607 376 3665 hac
404 3605 544 3684 tragoedia
578 3605 664 3662 affert
694 3603 818 3682 scriptor

62 3699 300 3777 epimcrismorum
322 3694 544 3756 Homericorum
562 3713 592 3774 p.
615 3695 652 3751 6ο
672 3693 816 3772 (Crameri

64 3795 159 3856 lnecd.
174 3796 222 3855 rol
240 3793 286 3874 1),

155 3906 237 3987 [279]
253 3905 428 3998 Πμσυμενής
449 3900 630 3996 ἀλάστορος.

382 4047 492 4064 a*

306 4112 563 4176 PERRHAEBIAE.

99 4227 140 4282 Ex
154 4223 311 4283 concubitu
323 4223 433 4281 Ixionis
449 4242 515 4281 cum
529 4218 629 4293 Nube,
643 4239 729 4298 <quam
743 4224 819 4278 Juuo

68 4309 91 4369 ei
104 4310 217 4388 obtulit,
237 4325 372 4372 exortum
387 4324 430 4370 est
447 4313 530 4370 ferox
546 4314 755 4369 Centaurorum
770 4328 820 4386 ge-

69 4419 129 4475 uus3
143 4423 177 4462 ex
190 4405 244 4464 Dia
267 4413 364 4462 autem
382 4413 467 4461 natus
484 4419 641 4481 generosus
659 4399 819 4471 Pirithous,

69 4489 160 4551 Thesei
171 4495 266 4554 socius
279 4506 308 4553 et
319 4493 442 4568 amicus,
453 4492 503 4570 qui
514 4511 566 4550 rex
577 4490 669 4549 factus
680 4502 722 4548 est
734 4490 821 4567 Lapi-

71 4577 180 4642 tharum.
203 4584 261 4658 Qui
275 4603 364 4661 quum
384 4580 608 4661 Hippodamiam
626 4597 747 4638 uxorem
766 4577 821 4636 du·

72 4682 151 4745 seret,
163 4671 199 4731 ad
220 4671 404 4732 celebrandas
417 4671 533 4750 nuptias
554 4668 691 4730 Centauri
707 4681 737 4726 et
754 4671 822 4724 Per·

73 4755 153 4818 rhaebi
174 4761 229 4822 illis
249 4763 354 4822 accolae
377 4761 490 4820 invitati
511 4779 611 4819 omnes
638 4756 716 4817 haud
739 4755 823 4814 inviti

73 4863 264 4910 convenerunt.
289 4856 369 4912 Inter
388 4849 491 4930 gaudia
515 4849 580 4908 festi
605 4848 663 4907 diei
685 4856 823 4924 argentea

74 4938 165 5011 pocula
179 4941 310 5021 apposita
324 4939 417 5018 (Pind.
426 4940 526 5018 fragm.
538 4939 605 5013 ιον)
618 4937 654 4997 ad
668 4935 824 4997 bibendum

1543 409 1599 463 ut

837 537 1073 609 exhortabantur,
1099 536 1292 616 Centaurique
1316 553 1383 595 curn
1408 531 1527 607 ceteris,
1553 533 1602 613 qui

837 630 972 712 aderant,
996 629 1108 708 rejectis
1128 630 1221 704 vasis,
1247 649 1312 709 quas
1335 624 1603 700 lacoontinebant,

839 741 950 781 merum
965 720 1049 780 auide
1059 719 1208 780 bibebant.
1222 725 1275 793 At,
1285 731 1319 778 ut
1330 717 1370 777 ait
1383 715 1505 778 Ouidius
1513 760 1523 789 ,

874 897 946 956 Vina
959 895 1065 954 dabant
1077 895 1195 964 anim0s3
1206 901 1236 952 et
1247 894 1336 968 prima
1351 894 1451 968 poeula
1461 908 1553 968 pugna

880 977 965 1037 missa
977 977 1072 1035 rolant
1089 975 1256 1050 fragilesque
1269 974 1331 1033 cadi
1342 973 1474 1048 curvique
1493 973 1606 1032 lebetes.

843 1165 901 1226 Sed
921 1184 979 1224 non
1007 1163 1037 1221 in
1059 1163 1104 1222 bis
1126 1160 1256 1221 constitit
1275 1160 1437 1233 contentio;
1460 1157 1610 1219 temulenti

843 1256 874 1314 in
889 1256 1022 1314 mulieres
1037 1254 1228 1334 Lapitharum
1238 1250 1374 1330 cupidine
1388 1249 1503 1329 abrepti
1516 1250 1611 1328 impe-

846 1357 907 1403 tum
919 1345 1044 1415 faciunt;
1059 1343 1142 1403 multi
1159 1342 1251 1420 ipsam
1269 1339 1511 1419 Hippodamiam,
1523 1337 1612 1398 Adra·

845 1434 882 1490 sti
900 1435 975 1511 regis
989 1433 1086 1506 filiam,
1102 1431 1284 1502 adoriuntur,
1301 1429 1442 1488 intereos
1460 1427 1613 1505 Eurytion,

847 1523 898 1601 qui
919 1523 960 1581 illi
981 1523 1040 1581 uim
1070 1522 1188 1596 intulit,
1212 1532 1383 1591 centaurus;
1410 1517 1493 1575 multi
1520 1527 1614 1576 morte

847 1611 997 1672 libidinem
1012 1614 1113 1687 luunt,
1127 1611 1176 1671 alii
1193 1621 1338 1690 pugnant,
1356 1606 1406 1666 alii
1423 1606 1552 1686 fugiunt3
1566 1607 1614 1664 in·

848 1721 918 1782 gens
935 1715 1079 1762 certarnen
1097 1701 1199 1763 oritur.
1215 1697 1302 1774 Quod
1312 1718 1402 1779 quum
1415 1709 1489 1756 essct
1503 1696 1616 1775 pictura

848 1791 879 1850 in
898 1792 1007 1871 templo
1021 1790 1195 1869 Phigaliensi
1215 1808 1384 1868 expressum
1406 1789 1514 1868 (exstat
1528 1785 1616 1844 hodie

851 1881 882 1939 ni
896 1880 979 1939 fallor
993 1882 1024 1939 in
1038 1885 1139 1938 Museo
1155 1877 1319 1936 Britannico
1336 1889 1452 1956 reperta
1470 1876 1545 1934 inter
1564 1894 1618 1952 pa-

851 1969 968 2028 rietinas
992 1967 1092 2047 templi
1120 1965 1265 2045 Apollinis
1291 1964 1421 2043 Epicurii
1447 1964 1478 2022 in
1505 1961 1618 2038 Cotylio

852 2070 950 2117 monte
959 2058 1267 2138 [Phigah'onSaloonn.
1281 2075 1293 2114 1
1307 2066 1336 2112 et
1346 2045 1620 2134 seq.])‚Welckerus

853 2149 882 2206 ia
900 2148 977 2206 hunc
988 2147 1047 2206 fere
1057 2144 1172 2205 modurn
1183 2143 1306 2224 amplius
1320 2141 1482 2221 descripsit.
1491 2167 1503 2193 ο
1511 2144 1620 2220 Pugna,

853 2239 961 2316 inquit,
981 2237 1073 2296 oritur
1093 2235 1186 2294 missis
1204 2235 1334 2314 poculis,
1359 2231 1508 2310 fragilibus
1528 2241 1621 2290 crate-

855 2327 951 2401 ribus,
981 2328 1046 2385 latis
1075 2343 1239 2384 mensarum
1272 2323 1427 2399 orbiculis3
1459 2331 1520 2378 tum
1545 2320 1623 2377 faces

855 2417 1025 2490 afferuntur,
1039 2414 1146 2493 quibus
1158 2433 1210 2471 ora
1221 2412 1404 2486 dilanientur‚
1416 2411 1546 2489 palatum
1559 2429 1624 2487 per-

856 2505 985 2578 foretur3
1011 2523 1176 2563 mensarum
1203 2503 1362 2580 fragmenta
1388 2499 1551 2578 capiuntur,
1575 2519 1624 2556 ara

857 2615 911 2674 pro
927 2595 1013 2653 armis
1030 2605 1091 2672 est3
1112 2611 1221 2650 cornua
1234 2591 1313 2650 cervi
1328 2591 1364 2649 de
1379 2589 1490 2669 pariete
1504 2588 1624 2667 derepta

857 2685 913 2743 tela
924 2686 1012 2758 liunt,
1033 2683 1063 2740 in
1083 2701 1209 2761 quorum
1223 2682 1309 2740 ramis
1330 2681 1408 2739 oculi
1422 2680 1552 2738 uirorum
1570 2699 1623 2737 ex-

857 2776 951 2848 cussi,
976 2786 1173 2852 quotcumque
1197 2791 1214 2830 a
1241 2768 1333 2828 barba
1347 2789 1405 2828 non
1431 2768 1625 2846 excipiuntur,

858 2864 1005 2936 defluunt;
1025 2862 1141 2920 titiones
1162 2857 1197 2918 de
1211 2879 1261 2917 ara
1275 2858 1383 2937 sumpti
1397 2878 1509 2916 comam
1523 2877 1625 2916 accen-

859 2953 948 3026 dunt,
968 2966 999 3011 ut
1012 2950 1194 3010 intermixtus
1211 2949 1321 3028 capillis
1343 2948 1457 3025 sanguis
1477 2947 1543 3026 igne
1560 2967 1627 3005 cor-

860 3040 1040 3122 reptushaud
1049 3041 1131 3098 aliter
1140 3057 1226 3118 quarn
1236 3038 1346 3096 ferrum
1355 3056 1430 3115 aqua
1438 3048 1627 3115 temperatum

861 3133 995 3204 strideat,
1012 3131 1099 3189 limen
1112 3126 1224 3187 edificii
1239 3125 1276 3184 ab
1290 3126 1411 3185 introitu
1425 3126 1556 3185 avulsum
1571 3147 1629 3184 uon

861 3225 971 3296 minus,
987 3239 1073 3300 quam
1087 3231 1119 3278 ut
1138 3237 1257 3276 currum
1275 3217 1396 3294 implere
1411 3217 1516 3295 possit,
1528 3218 1630 3297 proxi-

864 3335 907 3372 ma
919 3332 999 3372 arina
1010 3323 1092 3382 sunt;
1108 3307 1213 3367 deinde
1224 3326 1301 3365 noua
1312 3305 1381 3364 foris
1393 3307 1525 3384 quaesita,
1541 3308 1631 3366 moles

862 3404 999 3483 lapitleae,
1013 3401 1151 3460 arborum
1165 3397 1254 3468 rami3
1270 3415 1344 3455 tanus
1360 3409 1402 3454 est
1411 3396 1486 3454 iuter
1495 3415 1630 3474 pugnau-

864 3508 924 3566 tes,
949 3492 999 3570 qui
1024 3508 1162 3568 quercum
1185 3486 1307 3545 evellere
1335 3496 1467 3558 conetur,
1494 3502 1631 3564 annosam

863 3583 964 3661 pinum
984 3585 1153 3640 Centaurus
1179 3594 1265 3635 manu
1291 3573 1388 3634 vibrat
1410 3585 1556 3632 contectus
1582 3593 1630 3631 sex

863 3673 986 3732 leoninis
1004 3670 1145 3750 pellibus,
1166 3687 1229 3746 quae
1246 3679 1275 3724 et
1288 3667 1383 3723 virum
1398 3676 1428 3722 et
1444 3683 1552 3740 equum
1567 3683 1631 3722 am·

864 3763 957 3822 blunt.
977 3767 1047 3836 Quae
1061 3759 1130 3818 dum
1145 3768 1285 3836 geruntur
1302 3753 1413 3832 Aphius
1426 3753 1503 3811 solus
1518 3753 1633 3830 quietus

864 3853 990 3929 vinoque
1006 3863 1035 3908 et
1048 3867 1149 3908 somno
1159 3847 1268 3906 solutus
1279 3844 1359 3902 humi
1370 3839 1447 3920 jacet
1459 3853 1632 3920 prostratus,

865 3941 936 4000 nihil
949 3940 1073 3999 sentiens
1086 3956 1187 3996 eorum
1201 3955 1265 4012 quae
1278 3945 1427 4011 geruntur,
1440 3951 1534 4010 neque
1545 3933 1633 3991 bastae

865 4031 1014 4102 conscius,
1037 4048 1093 4107 qua
1109 4027 1235 4086 cervices
1250 4024 1310 4102 ejus
1333 4023 1373 4083 ita
1389 4023 1584 4101 perforantur,
1603 4034 1634 4081 ut

866 4135 928 4182 ater
943 4121 1057 4199 sanguis
1073 4119 1103 4177 iu
1121 4116 1257 4196 poculum
1281 4114 1349 4192 vino
1373 4111 1532 4191 repletum,
1556 4112 1634 4191 quod

867 4232 968 4272 manus
984 4211 1058 4269 lassa
1078 4217 1173 4280 tenet,
1196 4205 1303 4263 effluat.
1324 4205 1384 4260 Neo
1398 4201 1478 4259 deest
1491 4200 1635 4273 Theseus,

865 4305 916 4382 qui
934 4303 1010 4378 inter
1032 4299 1136 4374 multos
1160 4295 1231 4354 alios
1247 4297 1368 4352 Tereum
1390 4287 1524 4348 interficit
1544 4287 1636 4347 Athe-

865 4390 1012 4452 niensibus
1025 4384 1311 4448 invisuru'hominem
1325 4381 1540 4455 multorumque
1561 4376 1635 4435 faci-

864 4501 969 4542 norum
984 4479 1154 4538 sceleratum
1164 4475 1494 4533 auctoremPostremus
1508 4466 1635 4523 omnium

865 4585 909 4631 est
922 4575 1054 4640 Caeneus,
1074 4586 1090 4624 a
1102 4569 1241 4643 Neptuno
1258 4583 1273 4620 e
1289 4560 1394 4618 femina
1407 4556 1450 4614 vir
1463 4556 1573 4634 factus:
1590 4553 1636 4610 hic

865 4681 956 4741 quum
977 4655 1122 4717 vulnerari
1144 4673 1203 4712 non
1219 4661 1333 4730 posset,
1349 4643 1492 4704 abietibus
1511 4661 1635 4700 concus-

866 4771 924 4820 sus,
938 4763 970 4809 ut
979 4744 1169 4806 aitPindarus
1189 4742 1367 4820 picturaeque
1377 4747 1488 4792 veteres
1499 4728 1636 4809 produnt,

867 4842 897 4901 in
914 4851 1032 4912 terram,
1053 4855 1116 4915 quae
1131 4833 1207 4893 viam
1221 4828 1329 4908 aperit,
1345 4821 1551 4901 deprimitur.»
1569 4823 1637 4878 Herc

869 4932 911 4990 ita
927 4928 1104 4991 Welckerus.
1123 4920 1250 4980 Victoris
1266 4928 1362 4974 autem
1377 4911 1488 4991 potitus
1502 4920 1545 4967 est
1560 4908 1634 4966 cliri-

80 5209 227 5288 Prtutquam
240 5213 397 5290 aspersione
412 5145 556 5288 iddguinis
578 5229 593 5270 e
615 5211 690 5270 oaede
711 5209 824 5284 porcina

81 5296 129 5360 *Μ
141 5301 167 5352 te
177 5295 282 5370 Jupiter
291 5293 465 5353 -bumectarit
477 5292 605 5349 manibus
620 5290 769 5348 instillans.

1224 5145 1290 5198 atu.

1103 5277 1241 5355 Ptopitius
1256 5277 1337 5338 ultor.
1365 5279 1367 5284 ’
