3656 5798
625 323 799 384 AEscnt'tt
815 321 1064 385 FRAGMENTA,

377 457 536 530 sentum]

98 563 142 616 At
167 570 241 637 ριιετ
266 573 353 635 quem
374 567 473 634 pastor
492 544 696 633 exponendum
721 553 831 632 accepit

57 665 207 724 quemque
229 665 246 703 a
270 656 382 704 tumore
397 643 520 721 pedum,
534 663 608 721 quos
625 643 730 702 aculeis
744 643 828 702 Laius

58 735 246 812 perforarat,
265 733 411 813 OEdipum
431 734 605 811 appellavit,
628 752 685 791 non
706 733 829 807 interiit,

56 822 107 880 sed
123 825 177 882 alii
185 823 312 902 pastori,
326 823 376 900 qni
386 821 502 899 Polybi,
515 821 730 882 Corinthiorum
741 823 827 899 regis,

55 931 150 988 pecus
167 911 321 991 pascebat,
332 909 510 970 ediscendum
523 910 610 970 dedit.
626 912 680 970 llic
693 931 758 970 eum
770 929 829 970 non

54 1001 155 1060 solnm
177 1001 320 1072 servavit,
336 999 384 1060 sed
406 999 517 1076 Polybo
538 1000 599 1077 regi
622 999 758 1072 tradidit,
779 999 829 1077 qui

55 1111 151 1168 quum
169 1091 232 1172 ipse
245 1091 332 1150 orbus
347 1104 433 1164 esset,
451 1091 598 1170 OEdipum
612 1091 743 1150 educavit
761 1091 830 1150 lilii·

55 1199 113 1255 τρυε
139 1182 207 1239 loco
221 1179 330 1240 hahuit.
350 1185 386 1239 Et
400 1180 459 1258 jam
481 1181 647 1240 adoleverat
667 1201 755 1259 seque
768 1181 830 1259 ipse

53 1269 147 1328 filiurn
180 1270 285 1350 Polybi
309 1291 371 1330 esse
397 1269 530 1348 putabat,
554 1291 643 1348 quum
667 1283 731 1328 orta
756 1271 830 1329 inter

52 1360 184 1437 aequales
196 1361 259 1418 rixa
270 1381 305 1418 ex
317 1380 362 1434 eo,
374 1359 453 1437 qnod
463 1360 565 1437 aliquis
576 1359 719 1437 Olldipum
729 1358 828 1435 Polybi

54 1449 150 1507 lilium
165 1469 228 1508 esse
242 1451 369 1528 negavit,
384 1445 419 1508 de
432 1448 522 1528 ipsius
538 1461 602 1507 ortu
620 1446 754 1507 dubitans
765 1467 830 1506 ora-

52 1540 157 1598 culum
170 1539 250 1598 adire
264 1537 406 1610 decrevit,
418 1553 448 1597 ut
460 1551 618 1618 quaercrct,
631 1554 666 1598 cx
677 1559 735 1617 quo
746 1549 829 1597 natus

52 1640 149 1700 esset,
165 1641 262 1688 utrum
276 1650 311 1687 ex
326 1628 435 1706 Polybo
445 1648 481 1686 an
497 1649 533 1688 ex
546 1628 602 1686 alio
617 1627 743 1686 homine.
757 1631 830 1686 Ora·
876 1670 881 1684 .

53 1717 157 1776 culum
170 1717 346 1796 Delphicum
359 1735 445 1790 vero,
459 1717 537 1796 quod
554 1717 714 1788 consnluit,
727 1731 786 1774 non
799 1715 829 1773 id

53 1805 139 1864 dedit
151 1825 338 1886 responsum,
355 1807 434 1885 quod
449 1809 584 1886 petierat,
597 1806 646 1866 sed
660 1827 726 1866 eum
737 1806 830 1866 vetuit

53 1894 230 1973 simpliciter
255 1898 285 1956 in
314 1897 436 1976 patriam
461 1896 564 1956 redire.
592 1902 700 1956 Verum
729 1895 828 1955 eodem

55 1995 208 2061 tempore,
231 2003 289 2064 qun
309 1986 441 2064 OEdipus
467 1986 616 2045 oraculum
640 1985 723 2060 adiit,
742 1985 829 2044 Laius

54 2093 177 2153 quoqne
204 2076 331 2136 incertus
352 2089 381 2134 et
405 2076 523 2150 anxius,
548 2075 619 2154 apud
642 2075 678 2134 de
696 2075 756 2134 lilio
776 2095 829 2134 suo

54 2176 155 2222 actum
178 2177 273 2238 esset,
299 2167 448 2226 oraculum
471 2166 572 2224 statuit
595 2165 770 2238 consulere,
797 2177 829 2223 ut

54 2255 145 2312 sciret
161 2255 275 2314 liliusne
303 2275 372 2315 suus
383 2256 495 2314 viveret
513 2273 548 2314 an
565 2267 687 2313 mortem
700 2253 828 2314 obiisset.

54 2347 123 2414 Quo
133 2363 225 2421 quum
236 2346 464 2424 proficisceretur
475 2365 542 2404 cum
556 2343 662 2422 exiguo
680 2345 828 2419 comitatu,

56 2437 232 2511 peregrinus
241 2437 374 2515 qnidam,
385 2447 418 2495 ut
431 2437 558 2516 patavii,
572 2433 688 2493 obviam
700 2435 726 2492 ei
737 2433 829 2493 factus

55 2535 98 2580 est
112 2525 143 2582 in
157 2525 270 2584 siarum
289 2526 444 2606 angustiis,
459 2523 510 2583 ubl
526 2522 642 2583 difficile
657 2522 711 2582 fuit
724 2521 760 2581 de
782 2523 828 2582 vin

56 2611 170 2672 cedere.
187 2613 272 2688 Quod
293 2629 382 2694 quum
397 2626 472 2673 esset
487 2613 579 2672 facere
596 2611 724 2690 jussura
743 2611 828 2687 Laio,

55 2703 106 2778 qui
122 2708 211 2760 curru
226 2703 394 2778 vehebatur,
410 2719 505 2783 neque
526 2702 755 2780 obtemperasset
768 2701 827 2760 im-

55 2791 139 2868 perio
162 2792 258 2871 tegis,
278 2793 326 2852 hic
347 2810 413 2852 eum
435 2805 568 2872 sceptro,
583 2789 667 2869 qnod
679 2805 765 2850 manu
781 2803 827 2850 te-

53 2877 163 2949 nebat,
192 2884 351 2962 percussit;
375 2896 405 2943 at
428 2881 561 2962 OEdipns
587 2880 713 2960 injuria,
741 2895 827 2960 quant

54 2987 212 3049 perpessus
234 2983 312 3046 erat,
336 2970 524 3031 exacerbatus
549 2985 644 3049 regern
670 2983 736 3028 curn
765 2969 827 3048 ple-

54 3061 154 3138 risque
166 3063 319 3122 comitibus
331 3062 447 3122 occidit.
466 3061 576 3122 Deinde
589 3062 704 3134 endem,
720 3073 752 3119 ut
767 3078 827 3119 σιε-

53 3163 149 3230 perat,
165 3154 213 3212 via
228 3155 355 3232 perrexit
369 3155 500 3227 ulterius,
514 3173 549 3212 eo
563 3168 677 3231 semper
691 3153 827 3228 consilio,
886 3197 904 3213 ε

54 3250 84 3298 nt
103 3256 238 3320 careret,
256 3263 293 3302 ne
312 3263 440 3322 unquam
462 3243 651 3317 Corinthum,
667 3258 754 3321 quam
775 3260 828 3320 pa-

53 3331 140 3392 triam
162 3353 244 3394 suam
258 3337 385 3415 putavit,
403 3343 604 3395 reverteretur.

93 3424 182 3482 laius
192 3440 291 3484 autem
301 3447 390 3504 quum
400 3447 458 3486 non
469 3423 577 3486 rediret
587 3421 713 3497 Tltehas,
724 3425 826 3496 Creon,

53 3510 176 3571 locastae
189 3513 299 3588 frater,
316 3515 472 3594 imperium
492 3514 613 3593 accepit.
635 3514 734 3590 Neque
757 3529 827 3571 vero

53 3601 78 3658 ei
101 3603 243 3681 contigit,
267 3616 300 3662 ut
323 3604 462 3682 dignitate
482 3623 532 3662 sua
556 3602 667 3682 populo
689 3601 825 3659 incolumi

54 3687 111 3749 irui
125 3705 234 3770 posset.
248 3691 392 3754 Terribile
403 3695 480 3754 enim
497 3705 675 3763 monstrum,
694 3691 826 3768 Sphinx,

54 3776 206 3840 dimidiato
231 3802 353 3862 corpore
380 3785 462 3862 virgo
488 3797 517 3843 et
542 3783 649 3854 leaena,
672 3780 742 3838 locis
761 3791 827 3838 ante

54 3881 170 3945 portam
191 3875 341 3952 occupatis
361 3891 597 3951 unumquemque
614 3867 758 3948 perdidit,
776 3889 826 3946 qur

54 3957 190 4036 enigma,
199 3962 277 4040 quod
288 3963 337 4022 illa
349 3963 516 4043 proposuit,
527 3962 639 4020 solvere
651 3967 711 4016 non
722 3959 825 4037 potuit.

54 4047 122 4105 Fuit
133 4063 230 4109 autem
243 4051 315 4110 illud
330 4051 497 4131 hujusmodi
510 4073 517 4108 ε

93 4142 177 4207 Ἔστι
185 4147 277 4210 δίπουν
288 4149 332 4210 ἐπὶ
345 4153 394 4230 γῆς
404 4149 450 4209 καί
463 4145 608 4230 τέτρατον,
621 4137 650 4204 οὗ
663 4143 712 4224 μία
721 4141 805 4227 portal,

92 4237 140 4296 καί
151 4238 253 4320 τρίπον·
269 4241 394 4300 ἀλλάσσει
406 4237 434 4298 δέ
447 4237 513 4322 peip
524 4235 603 4317 μόνον
615 4233 672 4294 ὅστ’
680 4233 725 4294 lul
736 4241 813 4312 γαῖαν

94 4327 193 4409 ipasch
204 4338 328 4404 κινεῖται,
340 4328 390 4390 clati
403 4327 427 4388 τ’
441 4327 532 4410 αίθέρα
544 4325 589 4386 καὶ
600 4321 668 4386 sarh
680 4321 786 4382 πόντον.

100 4415 275 4478 Ἀλλ’θπόταν
290 4417 449 4480 πλείστοισιν
462 4411 629 4496 ἐπειγόμενον
642 4409 705 4472 ποσὶ
717 4415 804 4492 βαινῃ,

93 4509 156 4569 ἔνθα
169 4507 252 4588 τἰίχος
261 4505 373 4588 γυίοισιν
385 4503 567 4590 ἀφαυρότατον
581 4501 656 4562 πελτι
671 4503 758 4562 αὐτοῦ.

55 4609 139 4687 Quod
157 4627 246 4688 qatum
262 4608 346 4666 multi
365 4607 473 4665 frustra
489 4602 584 4663 conati
601 4611 695 4662 essent
714 4597 826 4658 solvere

55 4715 82 4758 et
95 4702 172 4758 inter
181 4699 236 4756 hos
247 4699 334 4756 etiam
348 4701 478 4769 Haemon,
490 4693 621 4754 Creontis
633 4691 716 4764 lilius,
729 4686 825 4767 preda

55 4792 191 4872 Sphingis
205 4791 297 4849 factus
306 4788 499 4860 occubuisset,
509 4785 607 4846 infelix
618 4795 708 4863 pater,
720 4783 824 4853 Creon,

92 5129 200 5204 hospiti
212 5147 277 5189 vero
289 5059 530 5203 sertum,¹aiaiiqua
545 5141 661 5193 corona,

91 5210 262 5268 vinculorum
281 5211 417 5285 optimum
437 5207 588 5267 secundum
608 5209 815 5269 Prometheum.

1581 341 1637 392 228

878 456 1012 534 eruisset,
1031 463 1172 518 locustam
1183 461 1215 519 in
1227 461 1441 521 matrimonium
1459 481 1489 520 se
1503 460 1639 522 daturum

876 545 1008 626 dotisque
1034 550 1096 608 loco
1119 551 1271 629 imperium
1289 551 1453 611 Thebarum
1473 553 1639 612 additurum

875 637 1019 714 praeconio
1037 638 1135 698 edixit.
1146 640 1263 698 Premio
1277 636 1416 700 adductus
1430 641 1577 722 oedipus,
1588 643 1639 721 qui

873 725 1025 786 interiecto
1046 730 1115 788 Laio
1135 731 1234 790 eadem
1256 733 1314 806 via,
1335 754 1391 812 qun
1412 746 1550 813 coeperat,
1566 753 1638 812 pro·

874 815 965 875 fectus
979 817 1052 877 forte
1064 817 1176 878 Thebas
1190 821 1279 894 venit,
1294 821 1452 902 Sphingem
1466 823 1536 882 adiit
1550 823 1640 882 audi-

874 916 961 982 toque
974 905 1121 985 aenigmate
1134 909 1192 968 hac
1206 911 1374 989 respondit:

912 1021 1046 1082 Κλῦθικαί
1055 1025 1103 1082 οθκ
1111 1023 1494 1108 ίθέλονσηκακόπτερεΜοῦσα
1502 1024 1641 1100 θανόντων,

953 1099 1040 1192 φωνῆς
1051 1113 1181 1196 ἡμετέρης
1191 1113 1236 1174 σὸν
1248 1115 1324 1185 τέλος
1335 1115 1498 1195 ἀμπλακίης.

912 1196 1062 1281 Ἄνθρωπον
1077 1201 1229 1278 κατέλεξας,
1244 1202 1272 1272 ὃς
1285 1203 1363 1277 ἡνίκα
1377 1213 1454 1284 γαῖαν
1466 1202 1583 1288 ἐρίρπει,

953 1292 1056 1369 πρῶτον
1068 1289 1116 1368 lou
1130 1292 1273 1375 τετράπους
1287 1293 1380 1366 νήπιος
1391 1295 1421 1354 έκ
1435 1293 1561 1372 λαγόνων·

914 1376 1043 1458 γηραλέος
1059 1377 1087 1438 δέ
1099 1379 1198 1457 πίλων,
1211 1381 1332 1464 τρίτατον
1344 1381 1413 1444 πόδα
1428 1381 1538 1466 βάκτρον
1551 1379 1642 1465 ἐρείδει

955 1466 1053 1548 αὐχένα
1067 1469 1194 1552 ραρτίζων
1206 1469 1288 1553 γήραϊ
1304 1472 1498 1552 καμπτόμενος.

874 1581 988 1654 Quibus
1002 1586 1108 1644 auditis
1130 1589 1240 1666 Sphinx
1256 1591 1286 1648 in
1303 1591 1494 1670 precipitium
1516 1609 1578 1650 sese
1596 1591 1644 1650 de-

870 1671 948 1748 yecit.
972 1675 1104 1754 OEdlpus
1118 1688 1212 1736 autem
1235 1697 1285 1738 rex
1302 1679 1467 1739 Thebarum
1490 1680 1580 1739 factus
1595 1684 1642 1738 Io-

874 1771 995 1836 castam,
1008 1763 1069 1823 Laii
1083 1783 1202 1824 risorem
1213 1812 1221 1841 ,
1233 1767 1262 1826 in
1275 1769 1488 1828 matrimonium
1502 1767 1623 1846 accepit.

913 1851 999 1924 Haec,
1026 1870 1090 1932 quae
1107 1857 1249 1933 exposui,
1275 1877 1292 1915 a
1316 1871 1403 1936 poeta
1430 1859 1462 1916 in
1486 1854 1641 1934 tragoedia,

874 1957 959 2016 qnam
974 1942 1132 2022 Sphingem
1148 1946 1326 2020 nominavit,
1349 1949 1492 2026 expllcatu
1507 1965 1568 2005 esse
1586 1963 1641 2004 νο·

873 2027 945 2086 lunt.
968 2030 1023 2089 Sed
1043 2042 1110 2091 sunt
1132 2033 1290 2113 fragmenta
1311 2045 1369 2094 tam
1395 2053 1487 2115 pauca
1511 2047 1642 2109 sertata,

874 2129 906 2174 ut
923 2117 1040 2194 quidvis
1055 2121 1137 2179 facile
1151 2125 1221 2183 satis
1244 2133 1307 2183 tuto
1330 2124 1578 2204 pronunciaveris.
1599 2127 1643 2182 lta

874 2223 967 2286 neque
989 2209 1027 2268 de
1047 2213 1179 2289 personis
1206 2214 1351 2292 tragedia
1371 2227 1465 2295 neque
1493 2213 1529 2272 de
1553 2213 1643 2272 choro

873 2296 1029 2375 quidquam
1049 2298 1136 2358 nobis
1158 2300 1195 2360 ab
1212 2304 1339 2382 antiquis
1353 2301 1545 2384 scriptoribus
1566 2302 1641 2360 rela-

874 2393 934 2443 tum
950 2397 1008 2456 est,
1025 2407 1119 2466 neque
1136 2391 1284 2468 quomodo
1302 2392 1438 2472 OEdipus
1459 2391 1574 2451 Thebas
1587 2409 1643 2449 ve-

873 2474 948 2533 nerit
962 2492 1055 2554 neque
1068 2495 1125 2556 qua
1143 2478 1190 2538 ille
1205 2481 1320 2539 ratione
1340 2481 1494 2560 imperium
1509 2479 1546 2538 ait
1563 2495 1642 2538 asse-

873 2576 971 2637 cutus,
983 2565 1067 2625 nohis
1076 2587 1112 2626 ex
1123 2569 1264 2646 tragoedia
1275 2570 1409 2628 innotuit.
1421 2573 1524 2647 lllagna
1547 2579 1643 2626 tamen

873 2659 938 2714 cum
955 2655 1053 2714 laetitia
1070 2657 1221 2736 OEdipum
1237 2669 1303 2738 post
1319 2659 1522 2736 interemptam
1538 2655 1643 2734 Sphin-

872 2765 936 2824 gem
957 2765 974 2804 a
998 2743 1142 2817 Thebanis
1165 2759 1320 2827 exceptum
1341 2767 1402 2808 csse
1426 2759 1508 2807 etex
1530 2745 1643 2822 reipsa

873 2833 968 2914 colligi
983 2838 1078 2913 potest
1093 2847 1122 2894 ct
1137 2853 1174 2894 ex
1185 2835 1347 2919 fingmento
1358 2879 1365 2910 ,
1378 2831 1458 2916 quod
1472 2833 1550 2914 apud
1561 2833 1644 2891 Athe-

872 2937 965 2984 naerrm
976 2933 1121 2982 servatum
1136 2934 1179 2983 est
1190 2913 1255 2999 XV,
1271 2936 1301 3004 p'.
1313 2927 1382 3002 67η,
1396 2928 1422 2985 D
1433 2968 1441 2994 ,
1452 2921 1642 3000 intelligitur:

873 3013 1004 3093 Αἰσχύλος
1020 3011 1042 3070 θ’
1056 3013 1084 3071 n
1102 3015 1141 3096 τῷ
1158 3013 1278 3095 λνομίνιρ
1294 3015 1434 3097 Προμηθέί
1455 3015 1547 3094 rophia
1564 3009 1643 3090 ptia'la

872 3100 912 3162 ὅτι
923 3101 967 3163 ἐπί
978 3105 1043 3184 τιμῇ
1054 3107 1100 3161 τοῦ
1109 3102 1274 3186 Προμηθέως
1285 3101 1329 3163 τθν
1341 3102 1467 3185 στέρανον
1478 3099 1642 3182 περιτίθεμεν

871 3217 904 3275 τῃ
918 3194 1020 3276 κιραλῇ
1037 3191 1174 3252 ἀντίποινα
1186 3195 1232 3251 τοῦ
1247 3189 1347 3252 ἐκείνου
1368 3191 1463 3270 δεσμοῦ
1476 3193 1522 3250 καί
1537 3185 1576 3249 ἔτι
1590 3189 1641 3270 (sic

872 3287 1065 3360 lletmannusy
1076 3282 1103 3341 ίν
1119 3305 1153 3364 τη
1166 3277 1364 3364 ἐπιγραφομένῃ
1381 3280 1479 3364 Σριγγί
1494 3277 1591 3340 εἰπών·

897 3410 980 3490 [tat]
990 3401 1086 3498 'solt
1097 3403 1377 3505 ξένῳγεστέτρανος,
1386 3409 1511 3501 ἀρχαῖον
1522 3411 1644 3499 στίρος,

899 3509 1020 3610 θεσμῶν
1042 3513 1179 3611 ἄριστος,
1200 3515 1234 3585 ix
1254 3515 1440 3612 Προμηθέως
1452 3515 1558 3610 λόγου.

872 3653 1069 3710 Correxerunt
1090 3647 1185 3727 λόγον,
1205 3648 1385 3727 quodquam
1402 3659 1476 3706 esset
1491 3644 1642 3726 improba-

872 3753 932 3798 tnm
945 3739 982 3798 ab
995 3743 1180 3811 Hermanno,
1193 3751 1293 3818 postea
1303 3737 1339 3796 ab
1350 3737 1466 3810 eodem,
1478 3737 1534 3796 nisi
1545 3755 1643 3796 errore

819 3869 825 3881 .
871 3827 983 3897 accidit,
1006 3827 1163 3906 repositum
1186 3839 1239 3888 est.
1258 3831 1350 3885 Versu
1372 3847 1384 3884 1
1410 3825 1477 3886 libri
1505 3823 1642 3909 ατίρανον.

871 3921 1005 3977 Ceterum
1036 3935 1094 3974 non
1116 3915 1274 3974 absurdum
1300 3937 1361 3976 esse
1383 3915 1507 3994 judico,
1533 3915 1644 3994 siquis

872 4005 1028 4066 terribilem
1044 4005 1179 4085 Sphingis
1194 4007 1316 4066 formam
1331 4019 1360 4067 et
1376 4020 1486 4066 motum
1504 4020 1534 4066 st
1546 3997 1641 4086 ἰατρε-

872 4109 931 4156 turn
957 4095 1133 4174 descriptum
1156 4115 1217 4155 esse
1240 4097 1271 4155 in
1297 4097 1435 4176 tragoedia
1460 4108 1550 4176 putet.
1576 4103 1643 4172 Quo

871 4185 1053 4245 referendum
1063 4185 1148 4245 ftrcrit
1162 4185 1351 4265 fragmentum
1364 4186 1441 4265 apud
1452 4187 1642 4265 Hesychinm:

870 4271 880 4357 ί
886 4287 894 4337 t
902 4272 952 4356 8‘5]
967 4275 1074 4341 «Κνοθς
1082 4277 1127 4348 ηδ
1142 4275 1171 4334 ίκ
1184 4279 1231 4334 τοῦ
1247 4274 1335 4344 ἄξονος
1347 4268 1420 4356 ἦχος.
1432 4274 1545 4355 Λέγεται
1559 4274 1586 4336 δὲ
1598 4274 1642 4334 καί

755 4409 762 4432 ,
869 4361 933 4436 attin
945 4361 1070 4424 καίθτῶν
1080 4365 1168 4424 ποδῶν
1174 4363 1263 4448 ψόρος,
1273 4367 1307 4431 ὡς
1319 4365 1450 4446 Αίσρόλος
1461 4364 1568 4446 Σφιγγί·
1577 4362 1643 4432 τινές

870 4453 898 4516 δέ
912 4477 977 4538 pact
991 4460 1067 4515 κνοῦν
1085 4454 1129 4515 τὸν
1143 4445 1224 4535 ἦχον,
1246 4453 1326 4528 κνόην
1346 4453 1374 4514 δέ
1392 4453 1469 4540 μέρος
1486 4461 1531 4514 τοῦ
1546 4453 1641 4530 ἄξονος,

868 4548 885 4618 ἡ
901 4543 1088 4692 Ἒίνέέίλιίὶιιτί
1100 4629 1176 4712 apud
1188 4629 1411 4712 Aristophanem
1422 4631 1451 4689 in
1463 4633 1535 4688 han.
1547 4631 1638 4688 1320:

923 4746 1004 4830 [186]
1024 4750 1143 4846 Σφίγγα
1162 4741 1368 4846 θεοαρερίανη
1385 4750 1531 4844 πρύτανιν
1548 4749 1640 4836 κόνα,

57 4882 94 4955 ei,
107 4882 158 4960 qui
168 4880 326 4958 aenigmutis
338 4879 492 4959 aSplringe
500 4874 644 4958 propositi
654 4871 825 4932 sententiam
870 4866 922 4926 ubi
933 4869 1094 4930 Scholiasta
1109 4895 1115 4929 :
1128 4874 1221 4930 Ταῦτα
1237 4867 1265 4929 di
1283 4872 1312 4929 lx
1326 4866 1440 4951 Σριγγθς
1457 4863 1599 4946 Αἰσχύλον.
1715 4956 1719 4964 Ι

1216 5054 1281 5109 186.

876 5181 1026 5258 Sphingem
1036 5181 1237 5256 importunam,
1246 5187 1381 5239 rectorem
1392 5195 1501 5238 canem.
