3680 5790
584 403 794 463 soruoctts
815 403 1064 464 FRAGMENTA.

28 535 212 613 cilcuaretur,
233 537 352 616 quidam
370 536 538 616 praeteriens
558 537 651 594 lllinoi
677 537 800 596 nuncia-

30 625 84 697 rit,
109 625 159 704 qui
182 640 403 685 monumentum
422 625 510 703 jussit
528 625 634 702 aperiri
658 626 798 682 etlilium

30 715 206 774 incolumem
227 717 420 794 recuperavit,
436 713 589 790 Polyidum
611 735 677 772 cum
702 715 799 772 multis

29 802 203 860 nnnrcribus
219 804 247 861 in
264 806 387 882 patriam
408 803 553 862 remisit.»
568 809 635 862 Haec
658 805 798 880 Hyginus.

30 892 141 950 Eadem
158 905 255 950 narrat
269 893 478 971 Apollodorus,
492 894 546 950 nisi
560 892 638 969 quod
651 891 732 950 addit
742 897 799 950 Po-

29 981 145 1054 lyidum
170 999 229 1037 non
251 981 333 1058 prius
352 987 447 1060 Argos
463 981 614 1040 remissum
636 1000 799 1058 essequam

28 1070 174 1126 Glaucum
187 1082 278 1128 artent
302 1070 452 1130 divinandi
473 1070 626 1128 docuisset.
647 1070 683 1127 lli
704 1081 799 1126 tumen

29 1158 192 1235 scriptores
211 1159 381 1237 Euripidem
416 1160 507 1217 secuti
540 1171 621 1231 sunt;
647 1171 675 1215 et
702 1158 800 1215 omnia

29 1266 102 1304 sane
117 1247 183 1304 talia
194 1265 256 1305 esse
268 1247 415 1323 ridentur,
435 1263 466 1306 ut
481 1248 578 1326 potius
591 1246 738 1324 Euripidis
752 1247 799 1304 in-

29 1335 151 1412 genium
174 1355 259 1413 quam
281 1337 407 1414 antiquae
424 1336 529 1395 fribulae
551 1337 717 1394 memoriam
741 1356 800 1414 prae

30 1445 61 1482 se
77 1424 180 1482 serant.
195 1424 287 1501 quue
304 1445 357 1503 pro
375 1438 453 1484 certo
468 1424 632 1482 habendum
649 1435 737 1482 estex
756 1438 797 1482 te-

29 1513 170 1573 stimonio
185 1513 288 1572 AEliani
311 1519 375 1573 Nat.
390 1515 476 1572 anim.
490 1519 526 1587 V,
542 1533 559 1570 a
574 1537 581 1572 ι
597 1509 704 1572 Ἔοικεν
720 1517 734 1572 ὁ
748 1515 801 1573 Εὖ-

31 1602 139 1682 praeli-qe
175 1601 358 1671 ἀὸοισανίστως
389 1601 563 1674 πεποιηκέναι
598 1601 640 1672 τὸν
671 1600 800 1662 Πολύϊδον

29 1694 139 1773 ὁρῶντα
162 1691 286 1770 (γλαῦκα)
301 1691 346 1750 καλ
372 1692 399 1760 ἐξ
423 1692 504 1762 αὐτῆς
529 1688 736 1772 τεκμαιρόμενον
761 1689 802 1750 ὅτι

28 1783 139 1864 εὑρήσει
153 1782 199 1841 καὶ
212 1781 256 1842 τὸν
271 1784 390 1844 Γλαῦκον
403 1783 448 1842 τὸν
460 1785 590 1842 τεθνεῶτα
603 1789 649 1841 τοῦ
664 1781 743 1843 Μίνω
756 1781 799 1841 τὸν

28 1871 99 1930 υἱόν.
117 1874 218 1948 Neque
230 1871 309 1949 qnod
321 1871 358 1930 de
371 1872 454 1930 melle
469 1885 612 1943 narratur,
630 1871 707 1930 inter
727 1893 800 1950 poe·

30 1975 75 2020 tas
92 1981 212 2038 prorsus
232 1961 388 2020 convenire
406 1960 507 2035 video,
526 1961 576 2039 pix
590 1961 666 2018 enim
685 1959 715 2018 in
741 1962 800 2019 fra-

29 2050 159 2128 gmentis
173 2049 303 2126 AEschyli
319 2063 508 2122 memoratur,
528 2069 585 2128 qna
606 2051 732 2108 Glaucus
753 2051 800 2108 in-

29 2139 153 2197 terierit.

75 2231 257 2305 Quamquam
285 2227 479 2306 profitendum
501 2241 560 2302 est,
589 2247 650 2306 quae
670 2227 801 2304 Hyginus

30 2317 182 2376 memoriae
200 2316 378 2395 prodiderit,
393 2319 546 2376 maximam
570 2330 680 2395 partem
700 2316 800 2375 deberi

30 2405 178 2484 Euripidi,
195 2419 290 2464 tumen
307 2408 466 2484 fragmenta
487 2405 638 2484 Sophoclis
652 2404 758 2462 docent
771 2405 800 2464 in

29 2499 182 2578 plerisque
202 2497 280 2555 hunc
303 2519 419 2576 quoque
439 2497 559 2556 eandem
583 2496 709 2556 fabulam
728 2516 800 2573 pro·

30 2589 127 2646 basse.
141 2591 243 2662 ltaque
255 2587 390 2665 reliquias
406 2587 553 2664 tragoediae
570 2587 662 2645 seculi
680 2587 710 2645 in
724 2586 801 2645 hunc

31 2675 155 2734 modurn
178 2672 303 2733 fabulam
326 2675 403 2753 apud
425 2674 599 2754 Sophoclem
622 2695 802 2751 componen-

29 2766 101 2822 dam
118 2764 291 2822 censuimus.
309 2764 421 2822 Amisso
439 2764 536 2822 Minos
557 2763 617 2822 filio
631 2783 721 2841 quum
736 2783 802 2822 ora-

29 2854 133 2912 culum
153 2852 358 2926 consuluisset,
373 2872 543 2930 responsum
559 2853 672 2930 accepit
693 2852 802 2912 obscu-

30 2963 115 3014 rum,
131 2940 209 3018 qnod
225 2944 370 3021 explicare
386 2941 442 3001 sibi
466 2962 525 3002 non
547 2945 652 3023 potuit.
675 2951 802 3022 Augures

29 3031 80 3090 rel
105 3043 184 3090 rates
202 3043 404 3106 convocat,'ut
420 3033 452 3091 hi
467 3032 612 3110 explicent
636 3032 716 3110 cujus
737 3034 802 3112 ipse

29 3121 176 3177 rationem
190 3121 300 3180 invenit
312 3121 428 3180 nnllam.
439 3126 478 3180 tt
491 3141 528 3180 ne
541 3121 569 3180 hi
582 3121 699 3200 quidem
712 3143 801 3200 quum

28 3208 131 3268 Minoi
150 3211 216 3268 satis
235 3211 354 3278 saciant,
370 3222 459 3268 totam
482 3229 544 3268 rem
563 3211 702 3290 explicari
718 3232 802 3290 posse

29 3310 157 3377 negant,
178 3299 232 3356 nisi
250 3298 401 3376 Polyidus,
422 3300 536 3358 Coerani
554 3299 644 3373 filius,
660 3302 743 3380 Argis
756 3321 801 3360 ur-

29 3400 174 3458 cessatur,
191 3389 241 3464 qni
260 3388 389 3446 omnium
412 3407 487 3446 unus
509 3388 602 3447 lacere
618 3391 709 3466 possit
722 3391 801 3468 quod

29 3499 86 3536 rex
102 3476 182 3534 velit.
201 3477 254 3536 Hic
276 3477 366 3554 igitur
383 3476 532 3536 consultus
547 3498 658 3536 morum
680 3480 802 3558 intelligi

29 3565 204 3645 respondet,
217 3563 299 3643 cujus
314 3565 423 3624 fructus
436 3585 489 3644 per
503 3578 560 3625 tres
573 3569 651 3626 vices
666 3581 802 3627 mutetur.

29 3655 155 3716 Oraculi
171 3654 345 3714 obscuritate
357 3657 491 3732 expedita
504 3656 600 3714 Minos
613 3658 641 3715 in
656 3675 736 3734 spem
749 3657 804 3714 ad-

29 3746 163 3815 ducitur,
178 3743 239 3802 sorc
254 3757 286 3802 ut
299 3765 315 3803 a
328 3745 449 3822 Polyido
464 3745 537 3803 filius
551 3744 607 3804 sibi
624 3747 801 3808 restituatur.

29 3843 80 3896 Ita
93 3834 169 3892 enirn
182 3853 199 3890 a
212 3832 268 3893 deo
287 3854 456 3912 responsum
478 3849 528 3892 est.
545 3833 596 3892 Hie
617 3855 686 3893 rero
706 3837 803 3895 incer-

31 3939 99 3982 tum
123 3935 165 3980 est
189 3921 268 4000 (qnod
291 3934 487 3983 commentum
516 3923 553 3982 ad
579 3926 801 3985 continuandam

29 4011 187 4072 historiam
210 4031 227 4070 a
251 4024 336 4088 poeta
356 4010 520 4069 adhibitum
550 4012 595 4070 sit.
617 4018 692 4071 Puer
715 4015 803 4074 modo

30 4099 176 4177 quodam,
192 4098 312 4159 fortasse
333 4101 462 4177 auguriis
478 4101 627 4175 institutis,
649 4103 802 4180 reperitur,

29 4208 141 4247 verum
155 4189 343 4248 exanimatus.
358 4190 454 4248 Minos
468 4202 564 4248 autem
580 4211 595 4248 a
609 4191 731 4268 Polyido
751 4213 803 4270 pe-

30 4281 84 4349 tit,
101 4290 132 4334 nt
145 4277 227 4334 vivus
237 4278 287 4336 ille
298 4277 353 4338 sihi
366 4278 504 4337 reddatur
516 4279 693 4357 includitque
707 4294 802 4340 ratem

30 4365 173 4444 sepulcro
188 4365 247 4436 filii,
261 4367 341 4444 quod
360 4367 389 4425 id
411 4388 440 4424 sc
463 4388 549 4446 posse
569 4371 684 4427 elllcere
709 4383 804 4447 negat,

28 4453 119 4532 quod
133 4455 251 4512 oraculo
271 4474 441 4533 responsum
457 4456 502 4513 sit.
521 4461 595 4514 Tam
615 4469 730 4515 ostento
751 4458 804 4515 do-

28 4556 130 4615 cetor,
144 4543 215 4619 quid
230 4543 392 4602 laciendum
413 4544 467 4616 sit,
490 4562 586 4622 neque
604 4544 707 4604 dubito
732 4548 802 4623 quin

30 4643 68 4690 ut
82 4649 166 4688 mora
180 4631 319 4690 adversus
342 4631 519 4710 serpentium
542 4653 656 4692 morsus
680 4633 802 4693 adhihe-

29 4851 803 4994 eriniumenimalbamvidhlsctltoreseennmspicam,

28 4995 139 5056 deinde
151 4996 266 5052 rubrum
279 4997 430 5055 rotundum
446 5015 573 5068 morum,

30 5084 177 5152 postremo
189 5077 305 5148 accipies
316 5087 485 5135 senectutem
496 5080 661 5153 AEgyptiani.

111 5215 198 5276 Video
205 5233 326 5290 puerum
338 5156 507 5278 scilianus
518 5221 624 5294 Polyidi
637 5223 714 5280 iulis.

1564 414 1621 466 3ὅὸ

856 538 969 609 bantur,
983 539 1024 596 ita
1038 538 1085 596 ille
1099 537 1210 596 lrnctus
1224 539 1281 594 alin
1292 555 1410 614 quoque
1422 536 1452 592 in
1463 555 1515 594 usn
1526 535 1621 595 luerit·

854 628 900 683 ciri
928 647 1059 704 magnam
1090 627 1148 684 vim
1176 626 1270 684 Graeci
1306 624 1505 683 attmlruerint.
1531 626 1623 685 Aliter

854 716 931 773 enim
954 716 1076 794 intelligi
1095 735 1154 772 non
1181 727 1296 793 potest,
1317 735 1369 774 cur
1394 727 1451 772 tarn
1473 714 1564 772 multa
1587 713 1624 774 de

854 827 938 864 moro
952 808 1027 864 dicta
1043 812 1100 864 siut
1114 807 1144 864 in
1159 806 1304 884 tragoedia.
1318 806 1433 865 Chorus
1444 818 1544 864 vatum
1558 805 1623 864 fnit.

895 899 966 968 Quae
998 896 1146 967 diximus,
1183 895 1351 972 fragmentis
1385 893 1624 972 comprobantur.

854 988 1011 1046 Oracnlum
1029 988 1192 1064 explicatur
1213 1007 1230 1044 a
1250 985 1371 1063 Polyido
1386 985 1463 1064 apud
1481 1005 1625 1064 gramma·

854 1076 942 1133 ticum
962 1076 990 1134 iu
1011 1077 1130 1135 Belleri
1150 1075 1302 1133 anecdotis
1317 1095 1345 1152 p.
1370 1075 1438 1146 361,
1464 1095 1520 1150 19:
1535 1071 1622 1152 utpl-

853 1187 928 1224 πτιον
942 1167 1039 1245 γῆρας·

852 1296 935 1376 [601]
947 1293 1074 1382 Πρῶτον
1085 1291 1138 1382 μὲν
1149 1287 1327 1378 ὄψειλευκὸν
1340 1288 1487 1356 ἀνθοῦντα
1496 1287 1610 1380 στοίχυν

942 1407 1046 1473 ἔπειτα
1065 1399 1244 1498 φοινίξαντα
1259 1407 1409 1499 γογγύλον
1428 1403 1533 1495 μόρον,

943 1522 1050 1588 ἔπειτα
1066 1532 1160 1615 γῆρας
1179 1515 1346 1612 lapidaret(
1367 1519 1546 1612 Αἰγύπτιον.

853 1660 899 1740 (V.
917 1682 926 1718 1
943 1675 972 1720 et
986 1681 1002 1718 a
1018 1660 1103 1720 allert
1117 1659 1272 1718 Athenaeus
1283 1661 1321 1734 tt,
1338 1677 1365 1736 p.
1381 1657 1427 1728 51,
1439 1661 1475 1732 D,
1487 1675 1625 1734 excoque

854 1755 934 1810 Eust.
951 1771 981 1830 p.
1001 1751 1074 1823 835,
1096 1771 1145 1819 10,
1159 1769 1260 1808 omnes
1281 1749 1343 1807 sinc
1368 1747 1485 1806 nomine
1500 1744 1625 1824 labulae.)

854 1845 918 1899 Haec
932 1841 1023 1920 ipsius
1038 1837 1154 1916 Polyidi
1169 1837 1256 1896 rerba
1277 1849 1353 1896 sunt.
1376 1840 1500 1896 Puerum
1523 1851 1625 1911 reper-

855 1943 914 1988 tum
939 1949 1000 1988 esse
1027 1928 1174 1987 annucio
1196 1928 1327 1986 refertur.
1354 1923 1478 2001 Etyrnol.
1505 1923 1543 1981 Μ.
1568 1927 1623 1984 Μσ.

855 2020 934 2098 apud
946 2019 1083 2077 Valcken.
1096 2017 1189 2076 Diatr.
1201 2018 1231 2074 in
1244 2017 1346 2092 Eurip.
1357 2035 1385 2092 p.
1399 2032 1454 2070 aon
1466 2035 1472 2069 :
1484 2010 1622 2078 Πολύϊδος·

855 2106 924 2166 οὕτω
934 2105 979 2165 aad
987 2101 1160 2170 Ἀπολλώνιος
1171 2108 1184 2162 ὑ
1194 2109 1239 2162 τοῦ
1251 2101 1393 2182 Ἀρχιῧίσυ.
1404 2098 1458 2160 Καὶ
1471 2097 1537 2170 ἔστι,
1549 2096 1625 2179 φησὶ,

855 2191 1008 2273 τολυΐδμων
1027 2193 1121 2272 μα’ντις
1134 2190 1180 2251 ὧν.
1195 2189 1275 2251 Οὕτω
1295 2189 1340 2249 καὶ
1358 2187 1389 2248 τὸ
1406 2189 1496 2268 δρᾶμα
1513 2185 1626 2268 ἐπιγρᾶ-
1692 2249 1696 2260 ,

855 2306 933 2365 ρεται
952 2281 1026 2364 παρὰ
1050 2279 1239 2363 Ἀριστοφάνει.
1265 2279 1404 2359 Μαρτυρεῖ
1425 2274 1454 2332 δὲ
1472 2271 1625 2342 Φιλόξενος.

857 2371 911 2434 Καὶ
927 2372 1064 2452 Σοφοκλῆς
1080 2369 1108 2428 δὲ
1122 2369 1243 2428 Μάντεσι
1255 2365 1437 2427 συνέστειλεν·

855 2507 938 2588 [608]
954 2490 1026 2598 Opta
1041 2503 1100 2599 πρὸ
1113 2509 1220 2597 χειρῶν
1239 2493 1395 2568 Πολυΐδου
1409 2509 1464 2566 τοῦ
1476 2497 1626 2591 μσῖντεως.

857 2631 911 2691 Καὶ
927 2633 1024 2692 πάλιν·

856 2767 938 2847 [609]
960 2764 1027 2827 Οὐκ
1044 2762 1124 2827 ἔστιν
1142 2759 1165 2826 ei
1183 2764 1225 2854 μὴ
1241 2750 1387 2846 Πολυΐδῳ
1400 2766 1445 2846 τῷ
1463 2755 1625 2850 Κοιράνου.

856 2885 911 2944 llic
926 2905 1023 2944 versus
1043 2884 1134 2942 multo
1151 2889 1218 2961 post
1237 2881 1317 2939 illum
1334 2881 1482 2939 insecutus
1498 2877 1624 2938 videtur.

856 2973 965 3055 (Minus
986 2974 1099 3053 integre
1121 2972 1183 3030 haec
1203 2971 1339 3048 leguntur
1353 2970 1382 3027 in
1396 2967 1521 3045 Etymol.
1541 2971 1583 3027 Μ.
1595 2987 1625 3045 ρ.

858 3061 1115 3138 681‚2l,etGud.
1133 3081 1161 3139 p.
1178 3069 1245 3132 471..
1259 3055 1389 3140 Κοιράνου
1401 3056 1530 3116 restituit
1551 3056 1625 3114 Wel-

858 3155 959 3212 clerus
981 3172 1035 3230 pro
1060 3149 1203 3232 κοιράνου.)
1225 3151 1302 3208 Puer
1325 3147 1403 3204 enim
1423 3145 1562 3205 exanimis
1575 3157 1627 3217 est,

858 3263 951 3321 neque
966 3262 983 3300 a
996 3259 1141 3320 quoquam
1156 3240 1186 3297 in
1200 3238 1290 3297 vitam
1305 3236 1417 3295 restitui
1429 3254 1516 3313 posse
1529 3246 1627 3292 censet

858 3333 914 3390 nisi
935 3352 952 3390 a
976 3330 1115 3407 Polyido,
1139 3328 1190 3407 qui
1212 3324 1362 3404 repererit.
1386 3324 1439 3382 His
1462 3323 1626 3382 intercessit

858 3421 940 3479 chori
961 3439 1087 3488 carmen,
1114 3437 1150 3474 cx
1175 3436 1233 3492 qno
1257 3425 1389 3472 servatus
1414 3424 1457 3469 est
1484 3430 1583 3469 versus
1610 3429 1626 3468 a

858 3508 950 3566 schol.
964 3507 1113 3584 Aristoph.
1129 3504 1165 3562 ad
1183 3510 1253 3562 llam
1268 3502 1324 3578 596
1335 3501 1412 3574 (coll.
1425 3498 1505 3560 Suid.
1519 3519 1547 3558 ν.
1557 3496 1627 3558 Γλᾶ·

859 3595 926 3674 μων)
941 3616 947 3652 :
963 3595 1101 3675 Σοφοκλῆς
1113 3594 1139 3649 ἐν
1154 3588 1286 3650 Miseram
1301 3587 1346 3647 tel
1360 3610 1438 3646 error
1450 3585 1557 3669 ὄρνεων,

910 3725 992 3810 [610]
1011 3725 1089 3800 Τοὺς
1106 3720 1277 3816 γλαρυροὺς
1289 3717 1371 3785 κατὰ
1385 3712 1508 3810 ρορὸοίν.

859 3845 996 3924 Auspicia
1009 3858 1077 3904 strnt
1090 3863 1155 3921 quae
1168 3855 1218 3900 aut
1232 3841 1338 3897 chorus
1362 3849 1411 3894 aut
1425 3835 1566 3912 Polyidus
1583 3835 1627 3894 in-

858 3935 994 3994 stituerit.
1019 3932 1133 3993 Deinde
1150 3932 1223 3990 alius
1237 3949 1340 3987 versus
1362 3938 1406 3986 est
1430 3925 1553 3996 Minois,
1575 3925 1626 4002 qui

859 4026 1095 4104 tergiversantem
1114 4034 1143 4080 et
1167 4020 1361 4078 declinantem
1384 4014 1538 4091 Polyidum
1568 4015 1627 4072 irn-

858 4115 955 4193 pcllit,
967 4127 1015 4185 up.
1040 4111 1123 4170 Stob.
1137 4113 1248 4182 XXIX,
1260 4109 1296 4166 25
1309 4129 1315 4164 ε
1329 4104 1466 4188 Σοροὶιλῆς
1480 4102 1624 4172 Μάντεων·

856 4242 939 4326 [611]
961 4242 1058 4306 Οὔτοι
1076 4237 1142 4306 ποθ’
1161 4225 1218 4315 ἕξει
1236 4243 1297 4302 τῶν
1314 4231 1413 4328 ἄκρων
1432 4229 1623 4299 circundare.

858 4369 961 4450 ¹[Vulgo
983 4365 1048 4440 ἥξει.
1077 4365 1210 4424 Correxit
1233 4362 1378 4440 Reisigins
1403 4357 1569 4435 Conjectan.
1594 4375 1624 4434 p.

859 4459 936 4536 295.)
945 4457 1067 4534 Reliqua
1075 4455 1195 4513 reseram
1206 4453 1242 4510 ad
1252 4449 1431 4518 sacrificium,
1444 4445 1522 4524 quod
1532 4445 1568 4501 sit
1576 4443 1621 4500 in·

858 4549 988 4605 stitutum
1000 4566 1017 4604 a
1027 4544 1156 4621 Polyido,
1164 4541 1241 4621 qnod
1253 4559 1303 4599 eos
1315 4546 1482 4616 precaretur
1493 4543 1526 4590 ut
1540 4531 1624 4589 auxi-

859 4638 928 4694 lium
941 4635 996 4694 sibi
1010 4636 1165 4692 mitterent.
1180 4629 1267 4704 Quod
1279 4627 1349 4685 dnm
1364 4621 1529 4703 parabatur,
1542 4619 1623 4678 chori

900 4755 1611 4790 Μ

912 4923 974 4977 Non
988 4918 1045 4974 lieri
1060 4922 1149 4989 potest
1162 4846 1370 4982 nisiiiiolytdo
1382 4906 1489 4966 Cocani
1502 4904 1566 4960 lilio.

1034 5065 1135 5122 avitas
1149 4997 1311 5128 cirillia).

1210 5151 1273 5198 eu.
1525 5131 1619 5203 [rabie.

861 5223 921 5278 tlon
933 5219 1005 5274 enim
1018 5231 1140 5289 unquam
1158 5229 1255 5286 inagna
1269 5213 1328 5268 sine
1341 5209 1435 5266 labore
1449 5207 1498 5264 tihi
1509 5219 1621 5276 cumpa-

1473 5357 1509 5398 23.
