3650 5798
261 531 418 610 ptolemum
448 529 634 590 dimitterent.
665 528 831 588 Welcherus
866 527 1020 586 simulacre

261 619 380 678 Achillis
394 631 550 698 apparente
570 629 717 698 permotos
735 617 799 675 illos
812 635 874 674 esse
895 615 1021 695 conjicit.

302 713 470 784 Fragmenta
482 708 522 767 ita
537 707 618 766 facile
629 705 743 784 disponi
758 717 786 763 et
800 706 937 784 explicari
954 723 1021 782 pos-

261 807 336 854 sunt.
356 797 428 866 Qnae
446 796 523 874 apud
542 794 710 854 Athenaeum
729 805 795 852 sunt
808 797 852 863 11,
866 812 895 871 p.
913 812 965 866 70,
978 801 1020 848 tt:

262 882 380 962 Κύναρα·
390 882 487 956 ταύτην
493 885 630 964 Σοφοκλῆς
640 884 668 944 ἐν
679 881 806 962 Κολχίσιν
814 881 929 962 κυνάραν
937 881 1021 940 καλεῖ·

262 973 288 1029 ἐν
300 969 327 1029 δὲ
341 969 447 1030 Φοίνικι
459 969 582 1053 ιιιίναρον·

260 1121 284 1200 [1
295 1119 343 1199 tt]
361 1113 495 1209 Κίναρος
513 1113 629 1184 ἄκανθα
645 1113 748 1184 πάντα
763 1113 887 1188 πληθύει
903 1115 988 1208 plne.

263 1269 328 1323 llaec
343 1263 433 1323 verba
446 1261 587 1320 Pheenicis
598 1259 768 1320 crediderim
782 1259 818 1318 ad
833 1259 953 1318 insulam
966 1277 1022 1336 ap·

261 1353 345 1429 pulsi.
358 1350 400 1410 Cl.
411 1349 540 1410 Eustath.
551 1369 579 1428 p.
596 1350 682 1422 illan,
699 1349 732 1405 18
746 1348 814 1428 (673
829 1348 883 1404 linc
894 1344 1021 1423 odyss).

260 1445 364 1516 Scyros
384 1436 477 1498 insula
492 1457 550 1495 non
566 1449 609 1494 est
621 1436 768 1514 frugifera,
784 1435 851 1512 quia
867 1453 965 1492 saxosa
980 1445 1023 1492 est

264 1528 347 1606 (Phil.
380 1523 458 1602 459).
490 1525 610 1601 Reliqua
642 1524 764 1582 referam
795 1522 832 1580 ad
862 1521 1021 1580 Plitenicent

263 1616 366 1695 ipsum,
392 1615 441 1692 qui
465 1624 499 1671 ut
522 1611 687 1671 fidelitatem
701 1631 782 1670 suam
796 1629 863 1688 erga
882 1608 1021 1667 Achillem

262 1703 404 1781 hujusque
417 1702 505 1760 lilium
526 1702 750 1781 Neoptolemum
766 1697 933 1778 parentibus
945 1717 1023 1756 eom-

262 1791 377 1871 probet,
391 1790 517 1869 explicat
536 1810 594 1868 quo
605 1790 693 1848 modo
706 1789 741 1848 ad
752 1790 866 1847 Pelcum
882 1805 1022 1865 pervene-

263 1882 309 1938 tit.
322 1879 452 1940 Ettstath.
464 1898 493 1956 p.
508 1879 597 1950 1088,
608 1878 645 1935 36
660 1899 667 1936 :
684 1875 767 1957 [125]
788 1873 918 1956 «Φορὸίις
934 1871 999 1952 γυνὴ
1011 1901 1023 1925 ν

262 1966 335 2049 παρὰ
354 1967 492 2047 Σοροκλιῑ,
512 1963 599 2044 pacit,
616 1967 643 2024 ἐν
662 1964 768 2024 Φοίνικι
786 1967 803 2032 ἡ
818 1963 924 2028 πολλοῖς
940 1983 1024 2040 προο-

262 2056 389 2133 ομιλοῦσα
404 2055 502 2134 τροφῆς
514 2051 600 2132 χάριν.
615 2057 677 2110 Νοιι
696 2050 852 2108 dubitarim
874 2050 942 2125 quin
959 2050 1022 2127 pel-

264 2145 310 2201 lex
325 2141 594 2221 patrishmyntoris
609 2140 885 2216 intelligatur,quam
896 2137 1024 2209 Phoenix,

264 2243 295 2288 ut
311 2230 387 2307 patri
407 2229 498 2286 invisa
511 2226 602 2301 fieret,
619 2227 717 2286 matris
731 2225 866 2305 precibus
877 2236 1023 2305 permotus

262 2317 441 2396 compressit.
457 2317 621 2396 Welcltepus
636 2315 751 2394 quidem
773 2333 895 2393 puerum
919 2313 1023 2371 vestitit

263 2405 397 2465 muliebri
413 2405 622 2463 dissimulatum
634 2404 784 2461 intellexit.
800 2401 912 2461 Deinde
923 2401 1023 2460 lrenaei

264 2493 340 2573 apud
350 2498 459 2554 Socrat.
471 2494 543 2553 llist.
556 2493 655 2552 eccles.
668 2493 695 2566 3,
708 2514 723 2566 7
736 2491 822 2552 verba
834 2513 840 2548 :
851 2490 876 2569 [t
885 2491 934 2569 26]
946 2486 1025 2572 Παρδι

264 2583 393 2664 Σοροκλεῑ
407 2583 434 2640 ἐν
448 2584 486 2662 τῷ
501 2579 610 2642 Φοίνικι
624 2579 730 2660 ίνέδραν
745 2579 884 2658 σημαίνειν
900 2577 948 2650 τὴν
963 2577 1024 2636 ὑπό-

261 2693 372 2744 αιαοιν,
387 2690 451 2747 quae
466 2682 637 2748 repetuntur
649 2667 686 2727 ab
698 2669 775 2728 tutio
788 2669 902 2729 Polluce
916 2668 1025 2726 Histor.

262 2759 345 2835 phys.
356 2779 385 2836 p.
397 2760 465 2832 3763
476 2771 505 2816 et
515 2778 579 2835 quae
589 2778 625 2816 ex
634 2755 799 2836 Dolopibus
811 2757 938 2816 citantur
947 2754 1024 2833 apud

208 2891 211 2894 -
263 2847 386 2924 Hesych.
404 2867 431 2904 v.
448 2873 461 2897 ιι
477 2847 587 2912 Eleatae
606 2841 707 2922 λαγώς·
723 2869 736 2897 ι
756 2845 893 2926 Σοφοκλῆς
909 2842 1024 2924 hoholt,

261 2933 453 3013 καταπτηχής·
472 2947 502 2992 et
523 2933 658 2993 Photium
678 2952 707 3011 p.
725 2934 776 3002 36,
795 2951 828 2990 ta
851 2945 881 2991 et
901 2933 1024 3008 Etymol.

262 3026 302 3078 Μ.
325 3042 353 3099 p.
376 3023 448 3098 393,
466 3024 501 3092 43
518 3043 525 3080 :
542 3048 553 3074 ι
571 3022 727 3095 Εὒναῐος,ι
750 3018 965 3102 ἐγκεκρυμμένος.
992 3021 1023 3079 Σ

261 3105 389 3189 Δόλοψιν·

361 3223 472 3289 Educta<
490 3221 530 3296 ιίη
546 3221 668 3304 δραπίτιν
684 3221 779 3301 οτίγςν
797 3223 876 3304 ίχων,

199 3343 204 3354 ’
262 3368 325 3427 qna·
338 3349 467 3428 Toupius
480 3349 509 3409 in
522 3350 600 3410 hunc
617 3349 733 3408 modum
747 3349 892 3410 correxit:

578 3497 660 3578 [ιιι]
676 3477 776 3586 deep
791 3497 893 3588 λαγὼς

366 3610 478 3686 εὐναῖος
493 3605 547 3688 εἴη,
564 3598 711 3701 δραπίτιν
729 3610 839 3703 στέγον
857 3609 957 3700 ἔχων,

257 3746 357 3803 omnia
381 3744 442 3802 haee
464 3746 584 3804 referam
609 3746 645 3804 ad
664 3746 837 3818 Phoenicem‚
863 3748 914 3825 qui
936 3745 1023 3806 domo

257 3835 399 3913 expulsus
432 3833 541 3911 diuque
568 3833 707 3894 oberrans
736 3833 861 3893 latibulis
891 3854 921 3892 se
946 3834 1024 3893 haud

260 3941 341 3980 secus
362 3943 395 3982 ac
414 3922 600 3982 meticulosus
623 3923 703 4002 lepus
725 3924 839 3983 occulit.
856 3925 1024 3983 Welclteius

261 4012 482 4088 Neoptolemum
497 4011 619 4089 intelligi
632 4023 723 4088 putat.
737 4016 886 4070 Postremo
899 4012 942 4069 his
957 4031 1026 4070 con·

260 4098 340 4155 venit
354 4098 543 4175 fragmentum
557 4098 635 4176 apud
658 4100 807 4176 Cyrillum‚
821 4099 900 4178 qood
913 4119 1023 4158 memo-

259 4196 305 4242 rat
319 4184 435 4246 Schow.
451 4186 486 4244 ad
494 4188 620 4263 Hesych.
636 4208 663 4267 p.
678 4189 749 4261 781:
761 4185 1024 4271 [128J1llapahnp

261 4272 417 4353 Σ.Δο’λοψι.

301 4364 468 4423 Welckerus
485 4365 547 4423 haec
560 4363 671 4424 addidit
686 4388 692 4422 :
708 4367 937 4446 ·Neoptolemus
951 4367 1024 4426 Attii

258 4453 288 4510 in
303 4453 395 4511 insula
410 4457 501 4531 Scyro
519 4453 623 4530 agitur.
643 4443 788 4526 Quoniam
808 4467 904 4513 autem
917 4456 972 4514 alia
986 4457 1026 4513 la·

260 4540 327 4600 bule
351 4541 407 4600 hoc
427 4541 545 4599 nomine
568 4540 708 4620 inscripta
726 4560 783 4598 una
806 4553 916 4599 tantum
932 4544 1021 4602 Nico-

257 4629 354 4686 machi
371 4642 440 4688 nota
456 4641 509 4702 est,
523 4627 558 4688 de
572 4649 630 4706 qua
645 4628 718 4687 nihil
733 4642 912 4707 compertum
933 4629 1024 4690 habe-

260 4735 332 4790 mus,
346 4719 543 4796 unusquisque
555 4718 637 4777 heile
651 4717 807 4790 inducitur,
818 4731 850 4777 ιιι
861 4719 1022 4779 Phoenicem

258 4805 346 4865 laune
365 4827 479 4865 versum
501 4807 654 4866 existimet.
674 4807 789 4866 Omissa
811 4807 902 4866 choro
916 4828 1020 4867 nomen

609 5014 671 5064 tat.

257 5165 355 5226 Cinara
368 5165 445 5240 spina
459 5174 548 5224 totum
561 5167 654 5242 opplet
662 5168 801 5244 jugemm.

804 394 1013 458 soefloctts
1034 395 1286 456 FRAGMENTA.

1075 527 1230 606 tragoediae,
1251 541 1284 586 ιιι
1305 529 1350 604 fit,
1376 529 1460 591 facile
1483 531 1589 590 mutari
1614 531 1728 611 potuit.
1752 539 1771 591 t

1074 616 1145 675 adeo
1159 635 1274 676 neeesse
1287 617 1342 676 luit
1356 638 1462 678 nomen
1478 619 1555 679 aliud
1570 620 1652 694 lieri,
1671 621 1771 698 quiet

1075 703 1199 764 fabulam
1219 706 1247 763 in
1260 705 1339 765 hunc
1354 705 1471 766 modum
1489 708 1634 782 nudaret,
1649 721 1683 766 ut
1706 711 1793 768 Ulirrt

1074 804 1163 864 esset,
1190 794 1240 870 qui
1266 797 1489 872 Neoptolemum
1514 797 1637 876 Trojam
1674 797 1775 874 perdu.

1074 901 1183 959 suaque
1199 896 1303 962 sponte
1315 883 1358 942 illi
1377 904 1458 944 arma
1474 885 1597 945 Achillis
1610 887 1672 964 ipsi
1685 885 1774 964 adjudi

1075 968 1246 1028 concederet
1259 971 1368 1050 (fragm.
1384 971 1447 1052 ¹¹l²

1076 1089 1236 1162 nantolii,
1248 1101 1337 1150 macte
1348 1093 1391 1151 his
1402 1095 1487 1152 armis
1502 1103 1593 1152 macta
1606 1096 1739 1152 mutem
1749 1099 1806 1174 μοι

1076 1209 1112 1264 Ει
1124 1206 1239 1264 Ulixem
1251 1209 1431 1286 recognoscit
1443 1229 1528 1268 versu
1540 1209 1601 1268 alio
1613 1211 1731 1290 (fragm.
1746 1215 1793 1287 rof:
1806 1187 1807 1270 l

1181 1318 1257 1375 Satin
1272 1328 1334 1378 astu
1347 1328 1375 1378 et
1387 1319 1509 1378 fallendo
1522 1321 1624 1379 callet?
1806 1320 1807 1352 l

1075 1419 1234 1493 Lycomedi
1269 1425 1421 1486 necessitas
1454 1427 1644 1506 Neoptolemi
1681 1376 1808 1524 dimittati

1076 1507 1238 1568 ostenditur
1250 1511 1298 1590 (ir.
1310 1514 1355 1592 δίε
1808 1564 1809 1616 p

1375 1632 1488 1704 Quidsl
1507 1650 1541 1690 ex
1558 1634 1672 1692 Graecia

1076 1703 1151 1762 omni
1172 1705 1248 1765 illius
1261 1725 1312 1782 par
1324 1724 1406 1768 nemo
1418 1713 1532 1785 reperiri
1548 1718 1664 1787 potest?

1076 1829 1122 1886 cui
1137 1829 1224 1888 iidem
1238 1851 1332 1891 mores
1343 1833 1409 1906 sint,
1424 1835 1472 1912 qui
1488 1835 1564 1913 patri
1579 1848 1667 1894 erant
1683 1835 1730 1915 (lr.
1741 1837 1780 1912 3‘5:

1077 1943 1155 2008 Vim,
1170 1943 1315 2014 ferociam,
1328 1947 1464 2016 animum,
1475 1949 1673 2020 atrocitatem,
1685 1951 1764 2017 iram,
1775 1941 1811 2012 κοί

1704 2031 1811 2098 [moulan

1077 2136 1253 2212 Lycomedes
1268 2137 1388 2197 sortasse
1403 2137 1477 2197 dixit
1491 2139 1540 2217 (fr.
1555 2139 1604 2220 t):
1811 2129 1812 2212 Ῐ

1131 2261 1214 2318 Dolet
1225 2261 1362 2336 pudetque
1371 2261 1490 2337 ¹Grajthu
1501 2280 1546 2323 me
1558 2273 1589 2323 et
1600 2281 1668 2324 vero
1682 2269 1762 2341 piget.
1812 2318 1813 2340 ,

1078 2389 1113 2442 Et
1125 2385 1162 2442 ita
1175 2384 1346 2464 explicatur,
1359 2385 1428 2463 qnid
1438 2387 1473 2446 sit
1490 2385 1536 2466 (lr.
1552 2386 1586 2467 9)
1597 2411 1605 2445 :
1812 2345 1813 2382 t

1076 2505 1144 2563 Sati*
1161 2505 1219 2578 jam
1241 2503 1348 2562 dictum
1364 2515 1407 2564 est
1426 2523 1514 2582 neque
1533 2524 1585 2581 ego
1607 2513 1741 2567 errantiae
1761 2506 1814 2580 auid

1534 2591 1630 2661 [praes
1646 2592 1814 2665 nongenta

1079 2713 1136 2762 Ant
1153 2703 1236 2762 matri
1251 2716 1301 2762 ant
1317 2724 1373 2763 avo
1387 2705 1496 2764 dictum
1508 2707 1609 2788 est(sr.
1629 2709 1675 2790 ¹l²
1814 2713 1815 2754 t

1077 2835 1131 2892 Ubi
1146 2834 1215 2891 nihil
1228 2843 1323 2892 contra
1332 2836 1465 2894 rationem
1476 2853 1585 2912 tequam
1601 2841 1713 2912 habuit,
1726 2835 1816 2992 effi

1078 3030 1223 3198 Deidatpia
1254 3031 1366 3091 Achille
1401 3045 1517 3092 mortuo
1552 3034 1671 3095 videtur
1709 3059 1816 3118 coneptu

1077 3119 1167 3198 (sr.6
1196 3141 1203 3176 ι

1077 3231 1130 3291 Sed
1139 3247 1218 3306 quem
1230 3233 1296 3290 mihi
1304 3234 1439 3309 jungent?
1450 3236 1506 3308 cui,
1518 3253 1581 3312 que
1592 3255 1658 3296 cum
1673 3240 1725 3298 illo
1736 3242 1816 3299 funin

1603 3318 1756 3393 [dignabor
1766 3321 1816 3380 duit

1076 3435 1209 3513 Denique
1225 3437 1350 3496 tumulus
1362 3437 1479 3498 achillis
1494 3455 1675 3504 memoratur
1693 3449 1739 3526 (tr.
1754 3450 1790 3526 il:

1077 3548 1228 3604 'furnulum
1236 3546 1364 3608 decorare
1371 3558 1413 3607 est
1423 3550 1510 3609 satius
1520 3568 1603 3626 mam
1614 3557 1715 3615 urbem
1727 3561 1816 3617 tentio

1401 3699 1511 3718 *—

1363 3781 1553 3844 LAOENAE.

1116 3917 1160 3974 Dc
1188 3916 1317 3976 Lacaenis
1345 3917 1498 3997 Sophoclis
1528 3923 1680 3982 sententiae
1713 3927 1816 3984 virores

1077 3999 1229 4062 doctorum
1247 4025 1332 4082 quam
1348 4008 1474 4067 maxime
1486 4007 1635 4067 differunt.
1659 4017 1816 4072 Hermanno

1077 4090 1139 4149 illas
1152 4111 1209 4151 non
1225 4091 1362 4174 distingui
1375 4095 1537 4178 ιιΠτωχιίορ,
1548 4099 1772 4178 medicatione,
1782 4105 1816 4171 air

1077 4179 1126 4237 setl
1138 4180 1279 4242 diversam
1293 4183 1381 4244 luisse
1395 4185 1561 4262 tragoediam
1577 4189 1706 4248 ostendit
1720 4193 1816 4248 locusia

1077 4269 1242 4330 Aristotelis
1251 4274 1332 4332 Poct.
1344 4275 1381 4334 at
1393 4295 1400 4330 ι
1412 4273 1463 4334 Ἐκ
1473 4271 1501 4333 δὲ
1514 4273 1643 4354 Κυπρίων
1653 4279 1752 4337 πολλαί
1763 4283 1813 4356 (τρι-

1076 4356 1195 4438 γῳδίαιλ·
1211 4359 1257 4419 καί
1279 4363 1310 4422 ἐκ
1331 4365 1379 4434 τῆς
1401 4371 1497 4445 μικρᾶς
1524 4362 1636 4433 Ἰλιάδος
1659 4367 1741 4426 πλέον
1762 4371 1808 4426 dan

1076 4448 1187 4508 Ὀπλιον
1204 4452 1299 4533 κρίσις,
1314 4453 1492 4528 Φιλοκτήτης,
1506 4455 1705 4533 Νεοπτόλεμος,
1721 4459 1811 4537 Είρὶαι

1075 4537 1133 4610 λος,
1159 4539 1300 4620 Πτωχεία,
1321 4545 1469 4616 Λάκαιναι,
1490 4541 1568 4603 Ἰλίου
1590 4545 1683 4626 πέραις
1703 4547 1747 4604 καὶ
1761 4547 1810 4605 Ἁπ-

1076 4627 1156 4692 πλους
1179 4627 1224 4688 καί
1247 4629 1333 4689 Σίνων
1354 4629 1398 4690 καὶ
1422 4631 1556 4711 Τρῳάδες.
1583 4637 1694 4692 Verum
1720 4657 1753 4693 ex
1772 4636 1811 4711 ipt

1077 4714 1151 4789 loco,
1172 4736 1232 4795 quo
1253 4718 1290 4778 ab
1311 4720 1466 4779 Aristotele
1487 4736 1741 4796 commemoratur,
1754 4741 1811 4796 aege

1076 4821 1204 4866 mentum
1228 4827 1287 4866 non
1313 4828 1431 4886 prorsus
1463 4809 1586 4868 alienum
1618 4810 1710 4870 luisse
1732 4811 1764 4870 ab
1782 4808 1811 4865 ti

1427 5015 1486 5064 Μ’
1530 5088 1661 5162 uttepus

1075 5165 1213 5241 quiescat,
1230 5167 1278 5243 qui
1289 5167 1424 5227 incertam
1438 5167 1529 5226 cubile
1542 5167 1637 5226 halet.
