3650 5798
598 439 808 506 soefloctls
828 442 1081 508 FRAGMENTA.

41 581 150 656 Neque
164 595 236 638 vero
255 579 400 638 Electram
417 595 483 635 cum
494 575 646 637 Welclero
663 574 814 634 intellexe-

41 666 112 740 rim,
130 666 182 726 sed
195 669 451 745 Clytaemnestram,
466 685 531 744 quas
552 665 584 724 in
605 663 706 723 intima
726 662 814 721 domo

40 756 187 814 maritum
209 757 364 818 interemit.
387 755 525 834 Sequitur
545 753 673 813 defensio
694 751 814 826 Orestis,

40 862 111 920 quae
129 843 178 902 cui
194 845 347 904 tribuenda
363 845 400 903 sit
413 845 556 904 incertum
578 839 814 915 est.stob.cv1,
870 882 877 895 .

43 1051 128 1130 [239]
144 1053 248 1120 Δεινόν
260 1079 295 1148 γε
301 1055 371 1134 τοὺς
383 1045 599 1147 μδνδυσσεῶεῒς
607 1055 708 1117 κακῶν
721 1044 814 1117 τ’ἅπο

41 1166 256 1254 βλαστόντας,
269 1164 335 1236 εἷτα
351 1159 464 1236 τοόσδε
474 1168 527 1261 μὲν
541 1164 685 1259 πράσσειν
701 1170 814 1252 καλῶς,

41 1279 117 1360 τοὺς
136 1270 165 1347 δ’
180 1279 271 1363 ὄντας
287 1283 409 1364 ἐσθλοὺς
426 1285 460 1352 έκ
475 1309 510 1352 τε
525 1280 666 1378 γενναίων
684 1279 750 1376 ἅμα

40 1404 186 1489 γεγῶτας
202 1394 271 1467 εἶτα
288 1391 446 1491 δυστυχεῖς
462 1399 634 1492 πεφυκέναι.

42 1512 93 1576 Ου
110 1536 188 1606 χρην
208 1505 280 1581 ταδ’
296 1541 378 1582 ουτω
390 1507 537 1608 δαίμονας
554 1511 668 1587 θνητῶν
684 1512 753 1605 πέρι

42 1623 203 1717 πράσσειν·
221 1631 309 1723 έχρῆν
323 1627 381 1725 γὰρ
395 1631 465 1709 τοὺς
482 1631 534 1722 μὲν
548 1622 678 1708 εὐσεῶεῒς
695 1631 813 1722 βροτῶν

42 1741 125 1833 ἔχειν
144 1768 176 1809 τι
192 1735 299 1838 κέρδος
311 1743 440 1839 ἐμφανὲς
456 1744 528 1812 θεῶν
546 1739 643 1838 πείρα,

44 1859 118 1934 τοὺς
133 1847 161 1924 δ’
177 1858 270 1938 ὄντας
284 1852 409 1940 ἀδίκους
423 1851 528 1927 τοῖσδε
543 1864 598 1936 τὴν
615 1855 753 1926 έναντίαν

43 1959 134 2043 δίκην
150 1983 251 2041 κακῶν
269 1977 401 2071 τιμωρὸν
418 1978 537 2068 έμρανῆ
553 1971 655 2041 τίνειν·

43 2076 164 2163 κούδείς
179 2082 214 2154 ἃν
231 2092 329 2170 οὕτως
346 2091 464 2183 εὐτύχει
478 2090 571 2170 κακδς
584 2092 691 2186 γεγώς.

42 2215 150 2290 Neque
164 2235 233 2275 vero
247 2217 309 2278 haec
323 2219 418 2298 judici
432 2219 509 2278 dicta
520 2217 702 2278 crediderim.
717 2217 814 2278 Aletes

41 2299 155 2361 deiude
176 2323 266 2381 quum
281 2329 368 2368 causa
381 2307 527 2381 ceciderit,
540 2307 601 2368 -hoc
614 2308 728 2386 insigne
753 2308 815 2365 lor-

43 2401 124 2447 tunae
130 2389 207 2450 inter
216 2394 349 2456 homines
359 2396 499 2458 instabilis
510 2396 672 2474 exemplum
681 2393 815 2472 babetur,

42 2477 276 2562 deploraturque
288 2506 352 2546 sors
365 2486 499 2560 humana,
514 2505 579 2565 quae
594 2485 632 2544 sit
645 2496 703 2544 tam
716 2484 815 2544 multis

44 2566 297 2633 vicissitudinibus
312 2575 452 2654 subjecta.
469 2574 550 2634 Stob.
566 2577 625 2645 CV,
637 2581 694 2642 [ρει

42 2702 131 2786 [240]
146 2702 202 2782 Τίς
220 2693 261 2778 δή
273 2707 344 2770 ποτ’
359 2698 450 2770 ὅλόον
467 2700 486 2776 i
502 2705 596 2796 μέγαν
614 2697 674 2774 θείη
695 2703 813 2794 βροτῶν

148 2818 319 2911 ῆσμικρδν,
335 2815 354 2892 ἢ
373 2815 427 2885 τόν
444 2809 591 2909 μηδαμοῦ
605 2817 773 2908 τιμώμενον
786 2845 795 2904 3

148 2938 183 3001 οὐ
193 2931 253 3028 γέρ
264 2935 337 3000 ποτ’
348 2936 447 3000 αὐτῶν
461 2923 547 2999 οὐδὲν
560 2934 589 2998 έν
604 2936 709 3016 ταυτῷ
722 2934 812 3026 μένει.

43 3060 146 3133 Neque
160 3055 235 3114 enim
252 3053 377 3113 alienum
392 3065 444 3124 est,
461 3053 539 3132 quod
560 3067 654 3114 exstat
672 3053 727 3114 sub
741 3060 815 3132 Tyn-

43 3143 128 3203 darei
141 3144 257 3202 nomine
271 3141 350 3221 apud
362 3139 509 3202 Stobaeum
523 3144 583 3218 CV,
598 3149 633 3206 5:

43 3267 131 3355 [att]
141 3271 254 3362 Οὐχρῆ
264 3271 337 3336 ποτ’
349 3265 576 3361 οὗπροίσσοντος
588 3261 708 3336 ὀλῶίσαι
718 3270 813 3360 τόχας

144 3375 266 3478 ἀνδρὸς,
283 3383 351 3476 πρὶν
368 3387 452 3474 αὐτῷ
467 3389 626 3462 παντελῶς
643 3374 704 3457 ἤδη
723 3382 787 3471 βίος

146 3490 344 3593 διεκτερανθῇ
359 3499 411 3566 καὶ
426 3499 594 3592 τελευτήσῃ
615 3495 692 3583 βίον.

142 3598 184 3680 Es
201 3612 259 3709 γὰρ
278 3617 388 3708 βραχεῖ
401 3613 522 3682 καθεῖλε
538 3610 660 3707 κώλίγιρ
676 3614 775 3708 χρόνῳ

144 3729 343 3822 πέμπλουτον
356 3723 447 3797 ὄλῶον
457 3721 600 3822 δαίμονος
611 3737 706 3796 κακοῦ
719 3719 814 3812 δόσις,

141 3844 215 3910 ὅταν
233 3853 373 3936 μεταστῇ
390 3842 443 3910 καὶ
456 3841 532 3922 θεοῖς
549 3835 627 3936 δοκῇ
644 3833 733 3911 τοίδε.

43 3979 133 4059 Apud
147 3980 318 4059 Euripidem
330 3980 501 4058 Tyndareus
514 3991 558 4040 est
569 3979 599 4038 in
614 3991 696 4068 parte
711 3980 815 4055 Aletis3

43 4087 140 4146 neque
153 4089 224 4128 vero
238 4088 275 4127 ex
289 4087 325 4127 eo
338 4069 526 4147 consequitur
536 4067 613 4128 idem
628 4088 690 4128 esse
701 4070 816 4148 Sopho·

43 4157 119 4215 clem
136 4169 274 4216 secutum.
289 4157 413 4235 Reliqua
426 4157 516 4216 satius
529 4171 574 4217 est
587 4157 731 4237 ignorare.

45 4559 203 4627 prognatos,
218 4551 342 4610 tumber
357 4551 469 4626 quidem
482 4551 555 4610 bona
567 4555 609 4611 uti
623 4553 750 4626 launna,

44 4633 147 4689 alteros
160 4647 223 4690 vero
235 4632 322 4690 bonos
335 4647 367 4689 ex
382 4633 520 4706 bonisque

44 4715 124 4770 ortos
136 4719 231 4784 postea
243 4727 306 4770 cum
320 4710 441 4770 adversis
453 4713 536 4770 rebus
546 4712 707 4772 conflictari.

45 4795 111 4848 Non
122 4790 258 4848 debebant
266 4790 305 4848 dii
317 4791 377 4850 bec
390 4790 426 4849 de
438 4792 601 4850 mortalibus

45 4872 222 4929 constituere.
236 4873 366 4944 Oportuit
378 4873 453 4930 enim
467 4873 526 4946 pios
539 4873 665 4931 homines

46 4951 178 5022 consequi
186 4951 404 5026 emolumentum
416 4951 526 5025 aliquod
536 4953 715 5026 conspicuum
724 4967 741 5010 a
749 4950 812 5022 diis,

46 5030 176 5088 scelestos
188 5038 281 5088 autem
292 5030 337 5089 bis
349 5031 514 5090 conburiam

47 5124 157 5184 poenam
170 5109 306 5168 malorum
318 5111 494 5185 conspicuam
506 5109 656 5169 vindictam
672 5111 758 5169 luere.

48 5195 142 5266 Neque
154 5192 300 5267 quisquam
313 5193 403 5252 malos
422 5193 474 5252 bac
493 5193 598 5250 radone
611 5193 683 5252 bona
701 5192 814 5252 fortuna

503 5281 634 5331 uteretur.

1575 463 1629 520 aet

1138 575 1354 639 HERMIONE.

908 711 990 766 Inter
1016 707 1171 786 tragoedias
1198 707 1351 786 Sophoclis
1382 721 1426 768 ter
1457 729 1634 776 memoratur

869 796 1038 869 Hermione,
1052 794 1112 854 filia
1123 797 1245 856 Menelai
1259 809 1288 855 et
1304 797 1435 868 Helenae,
1456 820 1520 879 quae
1538 805 1634 864 Oresti

869 902 900 941 ru
914 885 1129 944 matrimonium
1141 885 1234 944 locata
1247 898 1299 946 est.
1313 887 1398 946 llum.
1410 887 1468 947 Od.
1479 892 1512 964 Δ,
1529 891 1565 950 ⁵:

929 1012 986 1088 Τὴν
1002 1013 1051 1094 μὲν
1068 1016 1204 1098 Ἀχιλλῆος
1218 1017 1355 1100 ῥηξήνορος
1368 1019 1418 1080 utta·
1433 1020 1545 1101 πέμπεν.

929 1101 978 1164 Ἔν
991 1105 1018 1164 Τ
1019 1103 1076 1186 ροίῃ
1087 1104 1138 1188 γὰρ
1148 1107 1252 1188 πρῶτον
1265 1105 1394 1190 ὑπέσχετο
1406 1109 1452 1169 καὶ
1462 1110 1615 1172 κατένευσεν

929 1190 1085 1274 δωσέμεναι·
1100 1203 1183 1254 τοῖσιν
1200 1195 1228 1255 δὲ
1240 1195 1292 1255 θεοί
1305 1195 1390 1276 γόμον
1406 1197 1554 1269 ἐξετέλειον.

868 1328 960 1384 Nemo
990 1326 1051 1386 baec
1080 1329 1257 1408 tragicorum
1279 1331 1398 1390 videtur
1424 1347 1539 1396 secutus
1563 1357 1626 1399 esse

868 1410 1037 1474 Eustathius
1064 1435 1093 1494 p.
1120 1427 1222 1495 1479:
1242 1419 1327 1498 [242]
1349 1422 1486 1502 Σοροκλῆς
1509 1420 1556 1499 sl,
1579 1447 1617 1506 ρο

869 1499 928 1577 σίν,
951 1503 978 1561 έν
994 1501 1123 1586 Ἑρμιόνῃ
1138 1508 1237 1588 ἱστορεῖ
1257 1507 1284 1566 ἐν
1296 1507 1381 1591 Τροίιρ
1394 1507 1467 1576 όντος
1487 1510 1527 1571 έτι
1550 1499 1647 1648 Mssa-'q

868 1587 934 1648 λείου
959 1591 1099 1664 ἐκδοθῆναι
1124 1593 1172 1666 τὴν
1198 1593 1344 1676 Ἑρμιόνην
1368 1595 1419 1658 θπδ
1432 1603 1479 1658 τοῦ
1493 1597 1635 1684 Τυνδόρεω

867 1679 907 1758 τῷ
919 1677 1050 1760 Ὀρέστῃ·
1064 1669 1121 1740 εἶτα
1140 1680 1247 1764 ὕστερον
1259 1686 1444 1766 ἀφαιρεθεῖσαν
1466 1691 1544 1748 αὐτοῦ
1561 1691 1636 1750 ἐκδο-

868 1768 946 1839 θῆναι
956 1769 993 1849 τῷ
1005 1769 1184 1852 Νεοπτολέμῳ
1195 1771 1265 1830 κατδ
1278 1772 1327 1845 τῆν
1341 1775 1368 1832 έν
1383 1775 1409 1834 Τ
1411 1773 1468 1858 ροέορ
1481 1776 1633 1857 ὑπόσχεσιν·

869 1855 948 1914 alarii
962 1853 991 1914 δέ
1001 1857 1086 1918 Πυθοῖ
1096 1858 1274 1942 ἀναιρεθέντος
1286 1858 1336 1919 ini
1350 1862 1522 1943 Μαχαιρέως,
1537 1864 1579 1926 ότι
1590 1865 1634 1926 τδν

868 1942 988 2004 Ἀπόλλω
1009 1944 1143 2025 σινόμενος
1163 1946 1207 2008 τὸν
1235 1953 1282 2008 τοῦ
1301 1949 1400 2030 πατρὸς
1423 1949 1530 2020 έξεδίκει
1566 1953 1634 2027 όνσν,

869 2032 1086 2106 ἀποκαταστῆναι
1105 2025 1178 2103 αὖθις
1190 2033 1272 2108 αὐτὴν
1287 2040 1326 2119 τῷ
1340 2037 1465 2120 Ὀρέστῃ.
1479 2038 1527 2110 ’Et
1540 1975 1577 2100 ῶν
1590 2065 1635 2120 γε·

867 2119 958 2180 νέσθει
980 2119 1025 2181 τδν
1053 2123 1204 2201 Τισαμενὸν
1224 2123 1383 2206 ρερωνόμως
1409 2125 1479 2186 edroi
1505 2127 1635 2201 κληθέντα

867 2206 942 2290 παρὰ
957 2206 1006 2282 τὴν
1021 2209 1089 2288 μετδι
1105 2211 1199 2290 μένους
1208 2211 1287 2288 τίσιν,
1302 2213 1359 2274 latei
1370 2217 1385 2274 θ
1397 2213 1487 2296 πατὴρ
1508 2215 1636 2298 Ὀρέστης

868 2296 975 2357 lainam
996 2295 1058 2365 τοὺς
1092 2308 1177 2381 φονεῖς
1207 2305 1254 2359 τοῦ
1289 2301 1492 2382 Ἀγαμέμνονος.
1527 2307 1635 2368 Eadem

868 2385 1022 2445 scholiasta
1053 2387 1174 2446 Homeri
1205 2389 1306 2467 paucis
1345 2392 1461 2450 mutatis
1489 2394 1635 2456 memoria

868 2474 1010 2554 prodidit.
1032 2477 1105 2534 Sunt
1126 2488 1224 2535 tamen
1240 2477 1371 2555 qnaedam
1389 2479 1468 2538 inter
1484 2481 1548 2553 illa,
1571 2501 1635 2558 quae

867 2563 1027 2642 Sophocles
1039 2583 1099 2621 non
1112 2576 1156 2622 est
1177 2577 1302 2638 secutus,
1317 2577 1350 2623 ut
1362 2578 1483 2643 apparet
1494 2586 1531 2625 ex
1546 2568 1635 2626 schol.

867 2652 999 2730 Euripid.
1020 2655 1072 2712 Or.
1098 2652 1172 2728 1649
1185 2674 1193 2712 a
1206 2651 1359 2734 Φερεκύδης
1373 2651 1401 2712 δέ
1415 2677 1480 2734 φησι
1497 2655 1557 2736 περὶ
1572 2657 1635 2714 παί-

868 2741 919 2799 δων
930 2739 1052 2822 χρησμὸν
1065 2740 1187 2800 αἰτοῦντα
1198 2739 1243 2800 τδν
1258 2739 1443 2818 Νεοπτόλεμον
1458 2743 1625 2823 ἀναιρεθῆναι

866 2827 945 2889 Ἑπεθ
965 2827 1152 2908 Νεοπτόλεμος
1171 2827 1314 2909 Ἑρμιόνην
1331 2836 1413 2907 γαμεῖ
1425 2827 1474 2902 τῆν
1496 2830 1634 2892 Μενελάου

867 2914 912 2974 καὶ
928 2914 1035 2997 έρχιται
1047 2917 1084 2981 εἷς
1095 2913 1212 2997 Δελφοὺς
1229 2915 1290 2997 περθ
1303 2917 1407 2976 παίδων
1420 2917 1583 3000 χρησόμενος
1598 2919 1635 3000 (οὐ

867 3001 918 3084 γὰρ
940 3006 1012 3086 αὐτῷ
1034 3002 1152 3082 ἐγένοντο
1166 3003 1193 3073 ἐξ
1213 3003 1386 3087 Ἑρμιόνης),
1402 3005 1448 3066 καὶ
1461 3011 1510 3090 δρῶΙ
1524 3007 1593 3067 κατὰ
1603 3006 1635 3067 εδ

866 3089 1027 3174 χρηστήριον
1045 3090 1110 3174 κρέα
1124 3092 1314 3174 διαρπάζοντας
1331 3092 1391 3162 τοὺς
1414 3091 1539 3177 Δελροθς,
1552 3097 1634 3178 ἀραι-

869 3188 953 3262 ρεῖται
966 3179 1000 3241 τδ
1013 3183 1078 3266 κρέα
1089 3180 1297 3258 condatensis
1311 3181 1340 3244 δθ
1358 3184 1453 3247 κτείνει
1467 3185 1600 3269 μαχαέρρ·
1621 3189 1636 3246 ὁ

868 3267 896 3328 δὲ
905 3267 1004 3329 τούτων
1020 3269 1104 3351 ίερεθς
1118 3269 1275 3352 κατορίσσει
1290 3269 1369 3332 αθτθν
1381 3269 1432 3332 tri
1443 3271 1488 3331 τδν
1502 3273 1575 3332 οὐδδν
1589 3277 1635 3333 τοῦ

867 3351 929 3416 νεώ.
940 3360 1034 3418 Ταῦτα
1048 3361 1198 3438 γενεαλογεῖ
1210 3359 1255 3418 καὶ
1267 3361 1414 3440 Σοροκλῆς.
1426 3361 1634 3439 corrigendum

869 3443 947 3505 αὐτὸν
976 3442 1005 3505 dl
1032 3445 1128 3506 κτείνει
1158 3445 1321 3528 Μαχαιριός.
1351 3447 1512 3526 Sophocles
1544 3450 1634 3526 igitur

868 3535 1092 3613 Neoptolemum
1105 3554 1163 3594 non
1176 3533 1244 3595 lecit
1256 3555 1322 3594 cum
1332 3535 1388 3595 deo
1399 3536 1437 3595 de
1450 3536 1529 3596 caede
1543 3538 1634 3615 patris

868 3625 1109 3702 expostulantem,
1121 3643 1211 3703 quum
1221 3624 1350 3703 Delphos
1358 3626 1505 3703 proiectus
1513 3637 1596 3699 esset,
1605 3625 1634 3684 id

869 3711 1633 3792 quodEuripidesnarravit.ll1irumdeindeestquod

868 3803 1035 3863 Eustnthius
1055 3823 1072 3862 a
1090 3803 1250 3863 Nischaereo
1265 3803 1489 3881 Neoptolemum
1511 3803 1632 3862 interle-

868 3905 947 3952 ctum
962 3911 1023 3951 esse
1035 3902 1144 3964 narrat,
1157 3910 1243 3969 quem
1258 3890 1391 3969 plerique
1401 3890 1439 3950 ab
1455 3894 1555 3952 Oreste
1569 3891 1634 3969 ipso

868 3981 995 4040 occisum
1017 3999 1080 4040 esse
1108 3980 1249 4039 referunt.
1278 3980 1322 4041 Cf.
1354 3985 1429 4059 Hyg.
1464 3963 1533 4041 Fuit.
1568 3982 1634 4056 123,

867 4075 963 4129 Tacta.
978 4069 1014 4128 ad
1026 4069 1170 4147 Lycophr.
1185 4071 1300 4143 adplet
1315 4071 1402 4148 ro3n,
1412 4070 1491 4149 Virg.
1501 4075 1567 4130 AEn.
1581 4073 1634 4144 ΠΙ,

870 4161 938 4231 33ο,
951 4158 1024 4216 Vell.
1036 4161 1060 4227 1,
1079 4177 1105 4232 r,
1127 4155 1241 4216 Heliod.
1257 4158 1367 4230 11‚3t,
1389 4161 1463 4216 lost.
1486 4161 1582 4232 XVII,
1607 4161 1634 4230 3,

866 4510 915 4560 aut
927 4501 1024 4560 infimo
1036 4508 1085 4558 aut
1094 4499 1172 4560 nullo
1186 4501 1267 4575 plane
1278 4499 1360 4558 loeo?
1461 4497 1533 4567 [loco
1547 4506 1632 4572 ponat

867 4598 955 4656 neque
968 4581 1040 4640 enim
1054 4579 1205 4656 quidquam
1218 4579 1268 4638 diu
1277 4581 1308 4638 in
1321 4593 1372 4636 sua
1384 4575 1449 4636 sede
1462 4585 1564 4636 manet.

1216 4695 1279 4750 stt.

938 4793 1104 4854 Celebrnnda
1123 4789 1203 4849 laude
1217 4789 1321 4847 nullius
1337 4785 1452 4846 felicitas

937 4873 1075 4941 bominis,
1091 4871 1246 4944 priusquam
1260 4876 1333 4927 sorte
1345 4865 1494 4938 deluncbts
1506 4879 1557 4924 uta

937 4952 1061 5010 mortalis
1073 4951 1125 5008 aevi
1137 4949 1268 5006 terminos
1280 4945 1444 5021 impleverit.

937 5037 1062 5104 Namque
1074 5046 1129 5088 una
1142 5045 1214 5102 saepe
1226 5026 1378 5104 quamlibet
1389 5024 1476 5082 celsas
1492 5039 1559 5098 opes

936 5113 965 5169 in
976 5111 1056 5185 plana
1071 5109 1152 5166 traxit
1164 5109 1249 5180 bora,
1264 5122 1352 5182 quum
1364 5121 1395 5163 se
1410 5103 1515 5162 lubrica

935 5189 1045 5248 tortum
1056 5188 1137 5247 vertit
1148 5195 1230 5262 atque
1246 5188 1286 5246 sic
1298 5187 1388 5246 vuum
1401 5182 1470 5244 deis.
1489 5261 1564 5318 flGn

1485 5347 1521 5393 ts.
