3650 5798
226 433 283 487 284

226 643 319 716 sortis,
335 643 507 702 fortissimos
520 656 614 701 tamen
629 641 659 700 in
674 640 791 700 surore:

260 749 331 806 Nam
342 747 449 806 facinus
460 746 526 806 iecit
536 747 686 805 marimum
697 760 784 881 qustup
797 743 901 802 Danda
914 741 992 800 incli-

682 839 761 882 nans
782 840 815 882 ns

261 923 398 966 summam
414 923 472 964 rem
488 907 604 982 perfecit
616 923 718 972 manu,
732 907 853 964 restittat
863 903 990 978 proeiium

218 1057 221 1066 ,
685 991 834 1050 insaniens,
846 1011 860 1040 s

225 1093 276 1149 Et:

260 1187 419 1245 Fleramina
431 1196 572 1262 tamquam
586 1186 726 1260 lymphata
737 1192 787 1242 ant
796 1183 899 1242 ssccni
907 1180 992 1240 sacris

259 1275 417 1337 miramon,
436 1269 465 1325 in
483 1267 601 1326 tumulis
617 1269 755 1324 Teucrum
772 1277 992 1322 commemorans

723 1361 815 1404 suurn.

226 1443 396 1504 Welclrerns
410 1445 566 1503 Hesionam
579 1442 699 1522 intelligi
714 1453 798 1521 putat
818 1439 990 1499 desideran-

226 1543 284 1590 tem
299 1532 399 1592 filium.

264 1623 352 1680 Gravi
364 1623 407 1682 ira
418 1635 594 1681 commotum
609 1621 646 1682 de
657 1639 741 1680 scena
761 1617 911 1678 recessisse
924 1636 991 1675 cre-

226 1708 315 1769 dibile
327 1723 382 1784 est,
403 1711 472 1770 dum
485 1711 639 1770 intervenit
655 1711 774 1769 Oileus:

260 1817 318 1874 Nos
326 1815 405 1873 illum
420 1816 523 1874 interea
535 1812 701 1890 periioiendc
711 1813 908 1888 propitiaturus
918 1809 994 1869 iacui

225 1911 367 2060 et,remum

294 2086 365 2140 Nam
375 2081 511 2140 Tencrdm
523 2080 580 2152 regi
594 2094 674 2152 sapsa
687 2093 731 2135 res
743 2075 897 2134 restibiliet.

226 2179 425 2243 consolationi
455 2177 532 2238 Oilei
559 2175 674 2235 videtur
705 2173 901 2253 tempestatis,
934 2192 992 2251 qua

229 2271 299 2348 hjax
325 2273 435 2328 Locrus
470 2265 601 2336 interiit,
632 2263 790 2343 descriptio
822 2263 992 2340 interposita

224 2359 324 2418 fuisse.
336 2355 547 2436 Aristophanes
559 2352 634 2412 Nnb.
649 2353 705 2412 583
719 2375 726 2410 :
743 2349 842 2431 Bposrh
856 2353 877 2410 δ’
891 2349 990 2432 ἰρράγη

225 2446 415 2602 ιδιξιξρρριιιιῆς.
445 2443 540 2506 Schol.
556 2437 629 2523 raph
650 2437 685 2499 ei
708 2441 739 2499 lx
761 2437 879 2522 Ἰἰιίιιροο
903 2441 992 2523 Σορο·

516 2636 598 2718 [208]
621 2632 760 2724 Οὐρανοῦ
777 2619 805 2696 δ’
822 2625 884 2698 ἄπο

275 2747 429 2846 ἤστραψι,
448 2751 560 2844 βροντὴ
583 2737 613 2813 δ’
628 2745 739 2841 όρροὶγη
757 2735 799 2811 δι’
817 2745 989 2839 ἀστραπῆς.

224 2864 384 2928 Pacuvius:

622 2944 833 3003 Armamentiim
848 2944 961 3012 stridor,

259 3029 406 3103 strepitus,
418 3026 563 3096 nemitos,
575 3025 679 3084 clamor
689 3026 843 3082 tuninunm
852 3036 882 3084 et
892 3025 991 3084 ruden-

632 3113 694 3162 tum
704 3105 812 3162 sibilus.

259 3187 365 3245 Fiictus
382 3184 502 3242 navium.

257 3266 366 3327 Periere
379 3263 487 3334 Danai,
500 3263 576 3337 plera
587 3263 652 3336 pers
664 3259 831 3334 pessundata
844 3269 895 3318 est.

223 3367 326 3427 Cicero
343 3371 428 3424 Tusc.
446 3367 503 3436 111,
515 3381 552 3438 ²9
571 3383 579 3420 τ
595 3385 607 3414 ι
623 3363 726 3438 ltaque
736 3360 836 3418 Oileus
849 3359 899 3419 ille
911 3357 989 3438 apud

222 3455 396 3535 Sophoclem
430 3452 481 3531 qui
505 3450 694 3511 Telamonem
725 3461 808 3507 antea
834 3446 871 3506 de
892 3447 988 3526 Ajaeis

221 3558 316 3604 morte
330 3542 495 3604 consolatus
512 3551 606 3615 esset,
627 3540 653 3599 is
673 3559 764 3618 quum
782 3537 940 3597 audivisset
952 3538 988 3596 de

221 3635 283 3712 sui,
300 3635 408 3693 fractus
423 3644 474 3692 est.
495 3636 541 3691 De
552 3629 634 3710 cujus
648 3643 757 3690 mutata
769 3641 864 3687 mente
877 3629 919 3686 sic
937 3627 986 3686 di-

221 3725 297 3783 eitnr
310 3747 318 3783 a

255 3831 314 3886 Nec
326 3842 390 3884 vero
402 3835 480 3883 tanta
494 3823 629 3899 praeditus
641 3822 774 3896 sapientia

255 3909 400 3982 quisquam
419 3905 523 3979 estqui
540 3904 657 3962 aliorum
679 3917 831 4038 aerpmnam
849 3900 932 3958 dictis
945 3901 985 3959 al·

188 4055 190 4062 ’
256 4079 311 4119 non
325 4062 415 4132 idem,
431 4078 516 4134 quum
531 4059 643 4119 fortuna
656 3998 907 4133 mataetdaiiiipetnm

256 4150 413 4209 convertat,
428 4139 506 4198 clade
518 4140 609 4198 subita
621 4140 765 4212 frangatur
778 4154 844 4207 sua,

254 4228 286 4276 ut
301 4219 348 4276 iiia
361 4218 397 4275 ad
410 4219 481 4276 alios
493 4216 568 4276 dicta
580 4228 609 4277 et
620 4227 755 4292 praecepta
770 4217 904 4276 excidant.
916 4239 929 4265 ι

571 4383 634 4434 208.

252 4563 423 4634 fulminavit,
439 4571 468 4620 et
481 4563 586 4620 tonitru
597 4561 729 4636 perfregit
741 4486 793 4637 pldi
800 4481 917 4620 fisidiam

569 4689 635 4742 209.

252 4809 496 4868 prestantissimae
509 4817 538 4867 et
551 4808 769 4884 sapientissimos
780 4809 888 4867 animm

250 4887 321 4946 tales
332 4889 440 4962 videas,
452 4891 545 4966 qualis
555 4909 632 4950 nunc
644 4890 691 4949 hic
703 4893 762 4961 est,

251 4967 300 5040 qui
310 4970 414 5042 optime
422 4972 533 5029 adversa
542 4970 655 5030 fortuna
666 4970 802 5028 afflictum
812 4969 983 5031 consolettn.

252 5047 345 5118 Quum
359 5065 422 5107 vero
434 5050 543 5109 damon
554 5053 619 5122 riri,
633 5052 681 5125 qni
693 5059 772 5108 antes
785 5050 850 5109 felir
863 5050 964 5123 fuerit,

249 5122 355 5183 lancem
369 5129 431 5186 viter
446 5131 558 5188 vertam
570 5131 599 5188 in
617 5131 798 5199 sonnatium,
868 5163 874 5171 ·

251 5203 340 5263 multa
349 5207 397 5265 illa
409 5210 700 5282 evanescunt,etinmsi
709 5211 812 5285 optime
820 5208 895 5268 dicta
904 5217 981 5268 sunt.

780 415 989 482 sophoclis
1013 417 1266 484 FRAGMENTA.

224 552 261 614 de
275 552 463 632 sacrisajsets.
472 553 531 612 Cic.
543 555 685 620 Tusc.1V,
694 551 730 609 23
744 572 751 609 ε
763 553 906 629 «Semper
913 547 989 627 ajax
1044 553 1150 610 Versus
1163 552 1249 630 graeci
1265 565 1333 612 sont
1346 555 1424 634 apud
1442 553 1594 615 Stobaeurn
1609 559 1719 631 CXIV,
1729 560 1745 615 6
1754 559 1801 638 {ffi

1045 639 1188 720 Οἰδίποδι)
1203 665 1211 700 t

1044 775 1127 855 [209]
1154 774 1232 852 Τοὺς
1249 763 1278 838 δ’
1294 769 1332 840 αὖ
1354 773 1516 870 μεγίστους
1539 775 1596 843 καὶ
1622 779 1803 869 superdea-,3

1124 875 1257 955 τοιοόσδ
1271 878 1347 968 ἴδοις
1360 883 1395 956 ἃν
1413 885 1473 970 οἷός
1488 893 1557 958 ἐστι
1572 903 1629 960 νῦν
1645 885 1715 979 ὅδε,
1730 880 1805 988 [ppei

1124 1009 1224 1082 καλῶς
1236 1013 1337 1085 κακῶς
1348 1005 1519 1098 πράσσοντι
1529 1013 1789 1098 σομπαραινὲοαι·

1124 1119 1197 1184 όταν
1211 1109 1245 1185 δὲ
1259 1109 1377 1212 δαίμων
1391 1111 1502 1213 ἀνδρὸς
1514 1125 1676 1214 εὐτυχοῦς
1689 1125 1725 1190 τὸ
1736 1125 1791 1210 πρὶν

1124 1232 1287 1328 πλάστιγγ’
1304 1233 1400 1330 ἐριίσρ
1417 1244 1474 1304 τοῦ
1491 1235 1563 1322 βίον
1582 1237 1790 1331 παλίντροπον

1124 1343 1166 1414 τὰ
1182 1345 1285 1417 πολλὰ
1299 1341 1419 1442 φροῦδα
1433 1351 1486 1418 καὶ
1502 1357 1612 1432 καλῶς
1632 1352 1782 1445 εἰρημένα.

1048 1489 1212 1567 (volgatam
1235 1493 1354 1552 versu5
1379 1494 1490 1574 μάστιγ’
1500 1495 1598 1576 ἐρείσῃ
1625 1499 1760 1558 correxit
1778 1501 1804 1556 ti

1046 1576 1193 1658 lendtius.)
1209 1581 1308 1640 Oileus
1326 1583 1366 1642 ita
1389 1582 1547 1642 obmutuit.
1576 1587 1730 1646 Telamon
1753 1589 1821 1646 ilh'n1

1045 1666 1129 1726 dictis
1141 1669 1257 1747 paulum
1270 1669 1415 1748 mitigatus·
1428 1673 1536 1730 Teucri
1553 1672 1763 1734 defensionem
1773 1699 1806 1734 aa·

1046 1755 1121 1814 disse
1129 1756 1252 1816 videtur.
1263 1759 1457 1836 anusversus
1466 1774 1610 1820 oervatns
1622 1763 1742 1822 videtur
1750 1767 1805 1841 apel
1821 1796 1822 1864 ρ

1046 1845 1232 1923 Tryphonem
1249 1853 1294 1907 De
1309 1851 1609 1929 trop.p.48(1thett
1628 1858 1687 1912 Gr.
1701 1859 1804 1932 tnta
1821 1881 1822 1910 l

1048 1935 1125 2014 738)
1143 1934 1205 1994 sine
1217 1948 1312 2015 poetae
1325 1939 1460 1997 nomine:

1046 2074 1129 2155 [iio]
1156 2071 1290 2166 Τεῦκρος
1307 2063 1342 2141 δὲ
1356 2068 1444 2154 τόξου
1462 2079 1630 2170 χριόμενος
1644 2069 1780 2170 petiolis

1124 2185 1198 2282 ὑπὲρ
1216 2185 1332 2281 τάφρου
1353 2181 1519 2269 πηδῶντας
1541 2193 1684 2266 ἵστησιν
1701 2194 1804 2288 <helpre

1045 2319 1110 2374 Non
1122 2313 1203 2374 audit
1215 2329 1299 2396 pater
1309 2317 1389 2398 apud
1399 2319 1581 2379 Pacuvium:

1114 2430 1153 2566 fTe
1167 2427 1300 2502 repudio,
1314 2445 1366 2489 nec
1377 2431 1498 2506 recipio,
1513 2439 1620 2488 natum
1638 2431 1756 2500 abdiam

1126 2524 1232 2568 acmes.

1046 2629 1081 2684 Et
1100 2625 1137 2683 ita
1152 2625 1270 2702 Ajacem
1282 2626 1515 2699 commiseratur‚
1537 2639 1573 2686 ut
1588 2640 1639 2686 est
1663 2627 1745 2707 apud
1759 2631 1805 2687 sn

1043 2711 1138 2772 baenrn
1150 2717 1274 2789 cxxn,
1288 2734 1323 2772 ιο
1334 2735 1342 2771 :

1228 2851 1311 2932 [²11]
1364 2834 1409 2928 lte
1426 2845 1487 2941 ἄρ’,
1504 2845 1530 2915 ὦ
1545 2851 1674 2931 τέκνον,
1690 2855 1771 2926 aesia

1123 2965 1292 3058 ότιρπόριην
1306 2991 1358 3032 σου
1372 2961 1476 3056 τέρψιν
1489 2967 1725 3058 ιύλογοοριένοιι

1122 3085 1162 3159 ὡς
1176 3074 1304 3160 ζῶντος·
1321 3085 1340 3156 rl
1359 3071 1389 3146 δ’
1403 3076 1451 3173 αἶρ’
1466 3081 1496 3145 iv
1509 3079 1622 3166 σκότῳ
1637 3077 1807 3172 λαόιυσόρι

1122 3191 1215 3263 ἔδακ’
1227 3184 1332 3289 Ἐρινὺς
1348 3185 1473 3290 ἡδοναῖς
1484 3190 1693 3286 όψεοσμένον.

1043 3321 1204 3381 Pacuvius:

1184 3429 1239 3499 Qui
1254 3428 1368 3502 stirpem
1380 3428 1481 3486 oeddit
1495 3445 1602 3488 meam.

1042 3543 1154 3638 Teucer
1178 3537 1288 3597 mavult
1314 3539 1390 3596 mori
1412 3557 1499 3616 quam
1520 3539 1553 3596 in
1577 3539 1710 3599 exilium
1732 3541 1806 3620 proli·

1042 3645 1129 3684 casca:

1058 3736 1687 3811 Autmeoccidesillinccnusquamprobitam
1695 3741 1805 3815 gradum

1040 3857 1097 3919 Sed
1118 3856 1253 3916 admonet
1276 3855 1357 3914 illum
1372 3875 1448 3914 unus
1466 3875 1503 3912 cx
1525 3856 1605 3930 snis,
1635 3859 1762 3917 sortasse
1778 3858 1806 3912 tle

1041 3947 1133 4005 choro
1154 3944 1247 4024 (Stob.
1262 3946 1366 4020 evin,
1380 3945 1427 4018 51,
1450 3943 1513 4002 sine
1533 3945 1660 4004 nomine
1677 3945 1804 4020 fabriles:

1039 4083 1121 4164 [ιιι]
1133 4080 1270 4172 Στόργιιν
1278 4068 1313 4145 δὲ
1322 4075 1579 4145 retractasset
1587 4077 1699 4148 θέσθαι
1711 4085 1803 4174 πρέπει

1119 4191 1210 4284 σορόν
1224 4185 1387 4276 sodeuris,
1400 4189 1480 4258 ἀλλὰ
1494 4196 1535 4283 μὴ
1548 4197 1668 4261 στένειν
1683 4199 1783 4287 τύχην,

1410 4381 1417 4426 ι
1443 4415 1450 4427 .

1107 4446 1212 4501 Teucer
1225 4443 1341 4512 scilieet,
1353 4377 1403 4516 qui
1414 4380 1493 4515 pitres
1507 4459 1574 4500 arcu
1586 4460 1660 4501 usus
1668 4455 1724 4514 est,

1103 4539 1187 4596 snper
1199 4520 1304 4580 somam
1317 4521 1446 4579 salientes
1458 4520 1581 4580 inhibuit
1595 4525 1734 4600 Phryges

1353 4599 1538 4738 Na'til'quam
1549 4665 1671 4724 mendax
1685 4669 1728 4726 tui

1107 4758 1151 4801 me
1165 4743 1239 4801 lama
1253 4759 1331 4801 casso
1345 4743 1441 4800 mulsit
1454 4743 1636 4802 oblectamine

1106 4825 1197 4880 virum
1210 4830 1243 4881 ut
1255 4825 1396 4898 putarem!
1410 4823 1460 4882 sed
1470 4824 1529 4882 iera
1541 4825 1679 4898 imposuit
1690 4823 1756 4885 mihi

1104 4902 1276 4962 tenebricosa
1288 4902 1360 4961 iuria
1375 4903 1452 4963 falsis
1465 4901 1583 4978 gaudiis.
1723 4907 1793 4965 Ηῦι

1070 5055 1236 5114 Contentum
1256 5068 1316 5112 esse
1335 4988 1466 5111 dcciiiis
1485 5069 1547 5128 quae
1563 5052 1702 5113 accidunt
1721 5072 1794 5130 mque

1454 5148 1621 5206 componere

1069 5211 1233 5285 prudentem
1240 5212 1399 5284 mentorem,
1413 5220 1443 5272 at
1456 5212 1664 5271 nonlsmentari
1678 5215 1790 5274 fortnas
