3680 5790
588 400 798 466 soruocnts
817 399 1068 464 FRAGMENTA.
1567 411 1622 464 321

25 550 123 618 aptus
143 555 205 639 '1⁰¹¹
229 539 368 639 est-Nam
387 555 478 616 quum
499 535 633 598 Medeam
652 535 806 617 Sophoclis
858 549 940 632 [420]
958 547 1118 640 Κρημνούς
1130 547 1229 617 τεκαὶ
1243 553 1397 644 σήραγγας
1409 536 1459 624 ἡδ’
1475 547 1624 630 ἐπακτίας

26 649 102 686 cum
120 625 185 685 alus
196 625 307 686 Meders
329 625 452 684 aliorum
471 637 622 704 poetarum
636 635 806 703 comparat,

25 716 116 776 illam
130 716 230 794 potius
243 716 340 775 furere
351 714 391 774 ob
406 715 545 774 violatam
559 713 706 788 ablasone
721 713 805 772 iidem
1622 763 1624 776 ,

25 806 205 878 existimes3
224 824 324 863 omnes
345 805 422 865 euim
440 816 532 883 poetae
549 805 692 864 furentem
708 820 807 860 amora
859 819 973 874 heeft,
984 829 1052 876 sum
1063 816 1123 876 duo
1136 827 1281 890 poserem,
1294 817 1453 896 fragment,
1465 816 1543 894 apud
1553 819 1626 878 pm,

956 668 1104 741 αὐλῶνας.

25 894 174 953 Medeam
192 895 388 973 scripserunt,
409 893 458 952 sed
480 892 630 952 diversitas
645 912 682 952 ex
696 902 807 950 coorta
860 903 970 963 flauum
986 924 1016 984 p,
1031 907 1068 984 96
1085 926 1092 964 ;
1110 901 1192 987 l⁴²¹l
1205 933 1218 958 e
1228 904 1408 985 Ἀχιλληίδις,
1421 907 1541 986 »κριθῶν
1549 894 1626 980 κίδος,

24 997 97 1058 est,
110 983 191 1063 quod
206 983 325 1062 quidam
339 1003 401 1044 eam
414 983 521 1043 liberos
534 982 674 1043 occidisse
683 981 807 1059 scripse·
823 1072 825 1076 Ι
860 981 897 1051 ὧν
909 991 1044 1072 μέμνηται
1060 991 1247 1076 Ἀριστοφάνης
1262 992 1308 1053 καλ
1321 995 1467 1076 Σοφοκλῆς.
1480 993 1627 1071 Hesych··-

27 1086 116 1132 runt.
132 1073 197 1142 Nisi
211 1093 315 1150 magno
336 1092 425 1152 opere
446 1072 540 1144 lallor,
555 1070 633 1131 aliud
651 1089 808 1151 argumen·
860 1108 873 1134 ι
885 1081 1082 1162 Ἀχιλδσίων,ν
1103 1081 1240 1144 Ἱππεῦσιν
1262 1082 1449 1167 Ἀριστοφάνης
1473 1083 1520 1162 (r.
1548 1081 1626 1161 819)

29 1175 100 1220 tum
117 1161 185 1221 addi
200 1174 305 1241 potest
321 1161 480 1242 Sophocles
495 1161 657 1239 Absyrtum
670 1180 687 1220 a
707 1178 808 1220 sorore
861 1169 906 1230 καὶ
917 1172 1055 1252 Σοφοκλῆς
1067 1169 1192 1240 Σκύθης,
1205 1174 1337 1233 Alterum
1350 1184 1393 1232 est
1408 1171 1487 1252 apud
1502 1171 1626 1230 eundem

28 1271 145 1313 caesum
162 1253 191 1309 in
206 1251 295 1310 domo
310 1256 400 1311 AEetae
411 1252 440 1310 in
459 1249 648 1312 Colcliidibus
668 1247 808 1326 tragoedia

31 1338 228 1415 perhibuisse
241 1340 366 1415 dicitur,
382 1340 411 1400 in
421 1340 534 1418 Scythis
549 1353 645 1400 autem
660 1338 808 1415 scripsisse

31 1445 102 1484 eam
117 1428 197 1488 illius
206 1448 335 1502 sororem
346 1449 512 1508 germanam
529 1449 588 1488 uon
599 1429 694 1488 luisse.
706 1433 809 1504 ltaque

31 1514 143 1574 credas
158 1516 246 1577 caedis
265 1517 296 1576 in
312 1529 388 1577 terra
402 1519 576 1596 Scytharum
592 1514 808 1597 perpetrandae,

31 1615 69 1660 ut
87 1604 153 1663 vult
166 1605 354 1682 Welclrerus,
375 1608 553 1667 mentionem
574 1604 682 1664 nullam
704 1604 808 1662 iactam

30 1713 120 1766 esse,
136 1694 218 1772 quod
231 1695 293 1755 fieri
308 1716 368 1754 non
383 1697 495 1775 potuit,
510 1697 534 1756 si
553 1693 623 1756 illud
640 1692 742 1752 fabulae
756 1712 808 1751 ar-

31 1795 211 1862 gementum
233 1785 303 1857 luit,
327 1785 407 1864 quod
426 1786 467 1844 ait
489 1785 664 1847 Welckerus.
676 1782 809 1862 Denique

32 1891 97 1929 non
112 1871 252 1932 credibile
266 1886 311 1933 est
320 1873 496 1954 Sophoclem
507 1873 621 1933 diverso
637 1872 725 1932 modo
740 1891 809 1930 nar-

34 1979 118 2019 rasse
130 1961 250 2021 eandem
268 1961 405 2024 fabulam.
537 2032 540 2040 ¹

78 2050 225 2124 Quocirca
240 2052 432 2114 necessarium
448 2071 510 2115 esse
525 2051 652 2124 videtur,
671 2064 703 2110 ut
720 2064 810 2110 totam

35 2158 101 2197 rem
113 2139 172 2198 alio
184 2141 213 2198 in
227 2141 294 2200 loco
307 2161 400 2221 prope
413 2141 553 2202 Graeciam
568 2153 738 2202 transactam
751 2153 812 2199 sta-

35 2239 167 2302 tuamus,
177 2227 472 2308 Medeamquefurerc
484 2229 636 2311 deceptam
649 2229 686 2288 ab
699 2234 811 2302 Iasone,

36 2335 138 2394 neque
161 2321 252 2376 AEetae
277 2331 374 2397 partes
397 2319 471 2378 ullas
489 2319 577 2378 luisse
601 2319 631 2377 in
660 2317 808 2398 tragoedia.

36 2413 255 2486 Argumentum
275 2422 371 2468 autem
395 2409 546 2489 quomodo
566 2421 720 2470 tractatum
739 2409 808 2468 sita

38 2493 207 2572 Sophocle,
223 2516 344 2575 prorsus
356 2499 526 2578 ignoratur,
540 2518 635 2578 neque
655 2498 747 2557 ullum
760 2518 810 2558 su-

41 2597 146 2664 perest
159 2587 328 2665 vestigium,
341 2609 400 2667 quo
416 2587 488 2647 illud
502 2589 552 2646 liat
564 2587 738 2648 evidentius.

83 2673 221 2734 Omnium
246 2677 370 2738 maxime
395 2677 507 2756 insigne
536 2677 728 2756 fragmentum
752 2689 813 2752 est,

39 2761 124 2840 quod
138 2774 233 2822 exstat
246 2765 324 2844 apud
341 2765 434 2824 schol.
448 2764 547 2844 Apoll.
557 2764 653 2824 Rhod.
667 2769 718 2838 IV,
735 2765 790 2824 aad
806 2786 813 2826 r

40 2851 184 2931 Σοφοκλῆς
198 2854 224 2912 ἐν
237 2852 286 2932 μὲν
300 2853 428 2935 Κολχίσιν
448 2855 475 2913 ἐν
489 2856 528 2934 τῷ
542 2851 642 2925 Αἰήτου
657 2851 730 2935 δόμῳ
743 2876 814 2936 σφα-

45 2937 125 3018 ρῆναί
137 2962 202 3022 ρησι
213 2938 258 3000 τδν
270 2939 410 3026 Ἄψυρτον,
422 2944 448 3002 ἐν
461 2941 490 3001 δὲ
504 2951 558 3008 τοῖς
568 2941 682 3011 Σκύθαις
692 2943 743 3022 οὐχ
753 2945 814 3021 dpa-

42 3025 156 3109 αήτριόν
172 3052 236 3109 φησι
248 3027 293 3089 τδν
307 3029 438 3114 Ἄψυρτον
452 3035 485 3112 τῇ
499 3029 604 3113 Mateta
618 3053 624 3066 ·

40 3193 130 3276 [41⁰]
144 3193 189 3258 Οὐ
202 3196 272 3283 μιᾶς
286 3189 391 3271 κοίτης
403 3187 565 3278 libantur,
578 3193 644 3262 ἀλλ’
657 3198 673 3261 o'
686 3193 739 3287 μὲν
754 3199 816 3270 Νη·

698 3300 816 3404 [ratlac

43 3421 149 3486 τέκνον
157 3415 227 3511 ἄρτι
237 3418 456 3507 βλαστάνεσκτ,
469 3407 730 3519 τὴνδ’ίδυῑαπρίν
738 3451 815 3494 ποτε

44 3518 185 3600 Ωκεανοῦ
200 3533 274 3627 κάρη
288 3537 315 3627 γ’
333 3535 463 3604 ἔτικτεν.

48 3709 92 3762 Ex
106 3702 251 3761 Welclreri
266 3704 411 3763 sententia
424 3704 514 3764 verba
526 3707 637 3768 Medeae
657 3725 742 3782 sunt;
757 3716 815 3775 ita-

45 3811 107 3871 que
119 3792 246 3849 correxit
260 3789 397 3851 ἔὸλαστεν.
418 3793 464 3873 (ln
481 3796 585 3855 ceteris
601 3798 686 3857 codd.
700 3823 725 3858 v.
743 3825 754 3861 ι
776 3807 816 3865 Οὐ

46 3877 101 3959 γδρ
111 3877 163 3937 ἀπὸ
173 3885 236 3957 μιᾶς
247 3892 275 3937 et
286 3881 340 3938 v.3
351 3881 417 3962 κάρη
427 3881 532 3962 τίκτον.)
542 3889 614 3944 Sunt
622 3889 718 3965 potius
727 3889 818 3969 cujus·

49 3967 119 4025 darn
130 3967 179 4044 qui
190 3965 364 4027 defendebat
373 3970 521 4044 Medeam,
539 3993 625 4052 quam
635 3979 719 4036 lason
736 3979 817 4040 incu-

48 4056 93 4115 ria
107 4053 254 4115 crudelem
263 4075 324 4116 esse
331 4055 436 4116 dixerit
444 4059 483 4118 ob
493 4061 612 4121 fratrem
623 4063 817 4128 interemtum.

48 4150 87 4203 Et
98 4143 180 4203 verbi
193 4144 284 4204 forma
297 4143 357 4228 ἄρτι
369 4147 548 4226 βλοστάνισκε
562 4149 647 4210 docet
665 4153 746 4213 illum
757 4155 816 4234 jam

48 4253 112 4292 esse
126 4253 237 4292 cresum.
254 4239 314 4293 lter
327 4255 388 4314 quo
401 4237 550 4298 redierunt
570 4246 747 4320 Argonautae
763 4245 816 4304 de-

863 1259 1037 1337 llesycbium
1050 1282 1058 1319 :
1070 1260 1154 1340 [422]
1168 1261 1356 1342 «ἀψάλακτος,
1368 1286 1381 1312 ν
1399 1257 1535 1336 ἀκίνητος,
1550 1260 1628 1339 Ιαἰψη-

860 1345 977 1430 λάρητος
986 1392 996 1422 ,
1011 1347 1171 1430 ἀκράτητος.
1186 1351 1252 1430 Σορ.
1268 1349 1391 1414 Σκύθαις.

1197 1549 1307 1568 *-

990 1684 1128 1748 enatus
1147 1700 1219 1746 stru
1238 1685 1500 1752 RHlZOTOMOE.
1589 1743 1591 1748 ,

903 1837 1042 1898 Memoria
1053 1837 1161 1896 nullius
1173 1835 1319 1916 tragoedia
1333 1835 1472 1896 incertior
1485 1849 1528 1895 est
1543 1856 1629 1915 quam

863 1927 954 2001 illius,
969 1946 1034 2005 quae
1047 1925 1137 1984 Pelias
1156 1924 1296 2004 inscripta
1309 1937 1362 1984 est.
1384 1925 1470 1984 Varie
1484 1924 1574 2004 igitur
1593 1925 1630 1985 de

862 2038 896 2077 en
904 2015 1045 2094 disputari
1059 2027 1164 2094 potest.
1178 2015 1272 2074 Nosin
1285 2015 1431 2093 plerisque
1442 2017 1630 2074 Welclierum

865 2119 898 2166 ut
911 2106 942 2165 in
955 2125 986 2164 re
1000 2106 1111 2164 incerta
1124 2102 1216 2163 secuti
1229 2123 1338 2163 sumus.

905 2205 1017 2262 Nomen
1033 2200 1178 2282 tragoediae
1192 2199 1279 2260 semel
1295 2210 1539 2259 commemoratur
1554 2197 1631 2278 apud

866 2292 1037 2351 Erotiauum
1052 2310 1080 2368 p.
1097 2291 1172 2364 304,
1191 2288 1281 2366 idque
1294 2287 1361 2347 loco
1374 2287 1459 2346 valde
1474 2301 1632 2368 corrupto,

867 2401 926 2460 quo
940 2383 1124 2440 Hermannus
1144 2379 1173 2438 in
1190 2377 1384 2456 suspicionem
1406 2373 1549 2436 adductus
1564 2376 1632 2435 nul·

866 2470 924 2528 laur
949 2468 1067 2527 omnino
1091 2469 1176 2525 talem
1199 2465 1364 2544 tragoediam
1382 2465 1525 2525 exstitisse
1546 2465 1635 2536 Πηλεῖ

867 2576 923 2635 pro
942 2554 1029 2638 Πελία
1042 2553 1228 2614 scribendum
1243 2555 1364 2615 censuit.
1382 2551 1437 2612 Sed
1457 2551 1518 2630 jam
1537 2552 1637 2612 Boetti·

867 2664 953 2724 gerus
964 2644 1153 2706 Rhizotomos
1171 2656 1200 2703 et
1210 2643 1318 2701 Peliam
1335 2639 1486 2719 conjunxit
1506 2653 1536 2700 et
1552 2658 1634 2700 com·

868 2733 953 2793 mode
967 2754 1001 2793 ea
1017 2743 1208 2804 succurrunt,
1228 2752 1293 2810 quae
1313 2751 1330 2790 a
1349 2728 1499 2790 Macrobio
1522 2743 1633 2788 servata

868 2836 944 2882 sunt.

908 2912 999 2971 Pelias
1012 2929 1064 2970 rex
1080 2909 1151 2969 lolci
1162 2904 1253 2988 <guum
1275 2907 1312 2967 ab
1327 2905 1445 2967 oraculo
1462 2924 1633 2985 responsum

866 3001 1045 3082 accepisset,
1063 2998 1125 3058 sore
1140 3010 1172 3057 ut
1187 2997 1223 3058 ab
1236 3017 1290 3070 eo,
1305 3017 1391 3076 quem
1406 3016 1465 3056 uno
1480 2995 1577 3054 calceo
1586 2993 1634 3052 in-

868 3089 970 3149 dutum
983 3087 1019 3150 ab
1031 3108 1102 3167 agro
1113 3099 1306 3147 revertentem
1322 3085 1458 3158 vidisset,
1471 3103 1560 3164 regno
1571 3083 1635 3166 pri-

868 3193 1004 3254 varetur,
1018 3184 1167 3255 Iasonem,
1183 3177 1214 3238 in
1226 3197 1284 3258 quo
1300 3177 1410 3236 oraculi
1427 3177 1555 3256 priorem
1574 3193 1635 3254 par·

869 3283 927 3328 tem
942 3270 1071 3328 evenisse
1090 3267 1180 3340 vidit,
1198 3279 1231 3328 ut
1251 3279 1281 3325 et
1304 3279 1383 3326 metu
1404 3286 1434 3323 sc
1456 3263 1592 3322 liberaret
1608 3275 1634 3320 et

867 3359 951 3418 illum
967 3357 1003 3416 de
1018 3355 1114 3417 medio
1129 3357 1253 3430 tolleret,
1268 3355 1391 3416 Colchos
1405 3353 1484 3412 misit
1495 3352 1531 3410 ad
1543 3351 1635 3409 vellus

869 3467 989 3506 aureum
1001 3444 1200 3524 repetendum.
1212 3449 1315 3526 Neque
1326 3443 1402 3504 enim
1414 3460 1540 3520 unquam
1554 3439 1636 3498 illum

870 3537 937 3596 inde
950 3535 1112 3596 rediturum
1124 3535 1248 3612 potavit.
1266 3537 1349 3592 lason
1364 3544 1461 3590 auteur
1475 3529 1594 3589 Veneris
1608 3541 1635 3586 et

870 3623 980 3684 Medeae
992 3623 1101 3682 auxilio
1124 3632 1252 3681 servatus
1275 3620 1379 3695 rediit,
1402 3638 1498 3698 neque
1512 3617 1635 3675 multum

870 3713 963 3772 abluit
979 3724 1110 3791 tempus,
1133 3731 1192 3790 quo
1211 3711 1360 3770 oraculum
1379 3707 1500 3768 omnino
1512 3718 1634 3766 eventu·

869 3823 933 3862 rum
955 3823 1016 3862 esse
1037 3801 1265 3880 exspectandum
1288 3800 1350 3858 luit.
1372 3798 1459 3856 Varie
1483 3817 1529 3856 res
1549 3807 1636 3874 gestae

872 3890 1072 3971 perhibentur.
1089 3895 1165 3951 Sunt
1177 3889 1227 3968 qui
1250 3888 1362 3948 tradant
1384 3886 1517 3945 Medeam
1542 3883 1578 3944 ab
1592 3889 1637 3944 la·

872 3999 942 4039 sone
954 3992 1083 4059 rogatam
1099 3999 1180 4053 esse,
1193 3991 1227 4038 ut
1237 3977 1344 4037 Peliam
1360 3973 1576 4034 medicamentis
1591 3993 1638 4032 oc-

871 4068 982 4128 cideret
999 4067 1102 4147 (Apoll.
1118 4073 1142 4141 1,
1162 4089 1195 4145 9,
1212 4087 1260 4142 07,
1271 4071 1347 4146 Hyg.
1364 4064 1511 4144 at);sunt
1524 4064 1575 4143 qui
1592 4063 1637 4122 in·

871 4158 978 4216 stinctu
994 4156 1117 4215 filiarum
1128 4157 1212 4217 Peliae
1228 4154 1338 4215 lacinus
1351 4166 1517 4233 susceptum
1536 4153 1637 4233 perbi-

871 4245 959 4306 beant
971 4245 1071 4327 (Ovid.
1081 4251 1146 4321 v11,
1161 4245 1229 4328 300)
1241 4272 1249 4323 ;
1263 4246 1312 4305 alii
1325 4238 1458 4305 Medeam
1471 4265 1522 4304 sua
1534 4257 1637 4324 sponte

49 4323 259 4424 scriptumest
276 4325 360 4425 loco,
384 4346 471 4404 quem
492 4347 580 4407 supra
604 4350 640 4390 ex
665 4333 817 4394 scholiasta
870 4336 900 4395 id
916 4337 1087 4415 transegisse
1104 4337 1242 4397 referunt.
1260 4343 1354 4415 Atque
1371 4340 1456 4395 lason
1472 4348 1588 4410 quoque
1599 4325 1637 4386 ad

50 4411 201 4488 Apollonii
220 4414 429 4488 excitavimus,
449 4429 587 4495 praeterea
611 4420 684 4496 alio,
705 4423 755 4502 qui
773 4439 817 4484 est
870 4424 943 4484 iram
956 4425 1153 4484 vehementius
1170 4425 1331 4484 stimulatus
1343 4443 1406 4482 esse
1418 4422 1540 4491 videtur,
1557 4415 1636 4495 quod

50 4498 129 4604 apud
141 4500 310 4561 Athenaeum
320 4507 393 4582 v‚p.
409 4506 662 4581 189,D:lloloiior
674 4509 696 4568 δ’
709 4513 816 4592 άρσενι-
871 4512 964 4573 Pelias
987 4512 1068 4573 illum
1090 4534 1238 4592 nunquam
1261 4514 1291 4571 in
1325 4512 1447 4590 patriam
1474 4508 1635 4566 rediturum

51 4609 105 4652 κως
118 4585 175 4654 τοὺς
187 4589 322 4663 αὐλῶνας,
338 4587 427 4673 ὥσπερ
442 4593 606 4666 Θουκυδίδης
620 4599 689 4676 ἐντῇ
705 4599 817 4682 τετάρτη
872 4621 1069 4680 essesperans,
1083 4601 1160 4660 illius
1174 4611 1307 4679 parentes
1319 4597 1461 4657 demedio
1472 4595 1635 4655 sustulerat.

51 4675 98 4733 καὶ
109 4675 202 4744 πάντες
214 4680 239 4736 οἱ
252 4678 437 4759 καταλογάδην
449 4691 621 4764 συγγραφεῖς·
636 4687 660 4744 οἱ
674 4685 818 4761 δὲσοιηταὶ
872 4695 976 4750 Ouium
989 4703 1083 4750 tamen
1097 4691 1125 4749 in
1137 4711 1172 4750 eo
1183 4688 1384 4760 consentiunt,
1405 4686 1544 4746 ultionem
1562 4683 1635 4743 dolis

52 4766 183 4835 θηλυκῶς·
200 4768 267 4845 Σον·
287 4765 417 4834 Σκύθαις·
875 4792 1004 4838 exactum
1024 4799 1102 4852 esse,
1116 4798 1212 4857 neque
1225 4775 1352 4836 dubitari
1373 4787 1470 4853 potest
1492 4776 1563 4853 quin
1578 4777 1637 4834 haec

126 5015 181 5070 Vos
195 5011 279 5087 igitur
294 4952 671 5078 nesciehililPrcmetbeum.

58 5155 120 5214 Non
132 5156 204 5212 enim
216 5171 248 5212 ex
259 5173 316 5214 uno
329 5093 479 5216 utemilib
490 5169 566 5228 suut,
578 5160 627 5219 sed
638 5162 684 5220 ille
694 5164 820 5223 Nereidis

59 5237 129 5296 filius
141 5236 224 5298 ruodo
232 5235 416 5311 adolescebat,
428 5240 568 5301 hanovere
575 5243 654 5318 Idyia
661 5247 748 5305 multo
759 5255 822 5305 ante

836 4951 839 4957 ·
871 4947 973 5004 ocum
988 4945 1044 5002 uua
1058 4931 1171 5020 peperit.

1223 5061 1286 5115 aaa.

962 5165 1154 5238 Praecipitant
1167 5179 1265 5240 specus
1278 5174 1306 5223 et
1318 5163 1467 5224 maritimas

962 5260 1099 5304 caremas.
