3752 5792
612 689 1267 951 rubuario

887 1071 993 1086 *-

332 1365 511 1445 AEscnrm
533 1360 741 1466 tragoedias
756 1390 879 1468 quum
902 1363 1020 1442 latine
1044 1385 1237 1445 verterem
1256 1370 1297 1444 in
1318 1397 1430 1446 usum
1461 1400 1598 1450 eorum

279 1495 425 1603 quibus
447 1495 564 1572 lectio
585 1491 729 1572 sufficit
753 1494 927 1571 cursoria
953 1509 1082 1603 neque
1103 1517 1258 1604 tempus
1288 1518 1345 1577 est
1372 1529 1503 1608 neque
1529 1533 1599 1582 vo-

280 1629 408 1706 luntas
426 1625 642 1704 accuratius
659 1642 705 1702 ut
730 1625 932 1731 inquirant
950 1643 1121 1731 poetam,
1168 1658 1248 1707 non
1284 1631 1388 1708 inter
1424 1635 1599 1714 minimas

257 1758 548 1853 difficultates,
574 1755 721 1862 quibus
747 1783 868 1860 opera
890 1785 975 1834 mea
994 1757 1242 1851 obsideretur
1267 1762 1470 1866 plurimis,
1500 1766 1597 1842 refe-

279 1888 447 1968 rendum
476 1888 637 1992 putavi,
669 1885 779 1993 quod
805 1887 926 1964 verba
954 1889 1037 1994 ipsa
1070 1889 1218 1997 ubique
1246 1893 1299 1970 ita
1327 1895 1596 1974 constituenda

278 2037 390 2098 erant
414 2019 529 2097 etiam
555 2019 596 2094 in
620 2018 665 2095 iis
698 2017 816 2115 locis,
844 2019 914 2125 qui
938 2037 1028 2098 sunt
1055 2023 1359 2127 corruptissimi,
1383 2043 1429 2103 ut
1446 2027 1595 2133 aliquid

229 2221 233 2234 ,
276 2149 410 2228 saltem
447 2147 735 2253 significarent,
765 2146 875 2253 qood
914 2176 1044 2256 neque
1086 2150 1319 2230 abhorreret
1350 2183 1371 2230 a
1407 2159 1595 2236 sententia

277 2280 508 2386 legibusque
536 2279 680 2383 linguae
702 2306 834 2382 graecae
854 2282 1082 2360 conveniret
1107 2311 1237 2391 neque
1267 2285 1475 2390 indignum
1502 2307 1596 2365 esset

277 2412 464 2516 gravitate
486 2409 703 2514 AEschylea.
724 2411 863 2517 Neque
880 2439 941 2488 me
955 2411 1093 2491 fefellit
1112 2417 1357 2520 provinciam
1381 2447 1403 2494 a
1423 2447 1484 2496 me
1510 2447 1592 2496 sus-

276 2561 428 2648 ceptam
465 2543 590 2619 multo
621 2539 821 2620 difficilius
845 2545 927 2647 geri
968 2573 1089 2651 quarn
1119 2546 1149 2622 si
1182 2547 1412 2652 AEschylum
1456 2548 1589 2628 denuo

274 2673 430 2752 ederem
453 2673 515 2750 vel
534 2675 821 2751 commentariis
837 2675 1068 2753 instruerem
1090 2677 1150 2754 vel
1177 2705 1223 2755 ex
1243 2680 1446 2757 codicibus
1465 2710 1595 2758 emen-

274 2805 420 2885 darem.
439 2807 540 2883 Nam
560 2805 591 2882 si
610 2804 692 2883 edis
709 2806 941 2910 scriptorem
968 2825 1161 2905 veterem,
1190 2809 1257 2886 ubi
1282 2811 1381 2887 nihil
1407 2813 1500 2889 novi
1525 2815 1591 2890 ha·

273 2937 365 3016 beas
387 2953 455 3015 aut
475 2935 611 3014 verum
637 2935 736 3042 quid
763 2937 811 3014 sit
830 2937 1026 3016 affirmare
1045 2967 1126 3017 non
1155 2942 1293 3046 possis,
1325 2959 1454 3019 tacere
1474 2942 1589 3036 licet,

273 3070 348 3147 alia
379 3085 567 3174 corrupta
596 3068 721 3165 dicas,
753 3070 876 3148 multa
902 3069 1089 3168 obscura,
1123 3073 1315 3149 nonnulla
1346 3073 1462 3151 etiam
1493 3073 1591 3179 ejus-

274 3199 404 3298 modi,
433 3217 477 3277 ut
494 3201 576 3277 sine
599 3200 708 3276 novis
734 3200 915 3278 subsidiis
934 3203 1121 3306 explicari
1145 3220 1355 3309 nequeant.
1387 3203 1485 3301 Quae
1513 3234 1592 3286 non

272 3329 411 3409 eodem
431 3329 551 3408 modo
572 3329 687 3408 faciat
708 3332 923 3436 interpres,
959 3334 1020 3409 cui
1041 3331 1288 3439 ubique'hoc
1309 3362 1452 3412 munus
1467 3337 1593 3441 impo-

269 3463 387 3540 situm
412 3479 489 3558 est,
517 3479 563 3539 ut
579 3462 773 3566 exprimat
804 3463 938 3540 saltem
967 3463 1139 3569 aliquam
1167 3465 1396 3543 sententiam
1424 3457 1604 3572 adapta?

273 3609 349 3669 tam
381 3594 426 3669 iis
457 3621 546 3699 quae
575 3591 808 3670 antecedant
840 3611 879 3670 et
906 3610 1121 3699 sequantur
1147 3622 1277 3701 neque
1304 3594 1584 3673 abhorrentem

270 3723 321 3800 ab
346 3725 525 3802 instituto
551 3741 689 3829 poetae.
712 3725 801 3822 Qua
831 3725 872 3800 in
902 3753 945 3802 re
973 3742 1016 3802 ut
1045 3724 1304 3803 satisfacerem
1324 3755 1444 3831 quam
1464 3726 1590 3830 pluri-

272 3855 342 3932 mis
364 3854 485 3961 idque
509 3883 598 3932 cum
624 3857 787 3932 minimo
816 3883 904 3932 meo
936 3857 1113 3960 periculo
1146 3856 1313 3933 facerem
1341 3874 1460 3963 atque
1491 3886 1590 3962 pau-

269 3985 418 4061 cissima
434 4011 456 4061 a
473 4012 535 4062 me
557 3985 642 4090 ipso
661 3985 956 4091 postularentur
982 4014 990 4062 :
1013 3985 1179 4063 artificio
1207 4015 1360 4083 usurus,
1390 3987 1588 4066 Dindorlii

267 4114 482 4193 editionem
497 4115 648 4222 ubique
662 4114 901 4223 sequendam
918 4117 1030 4195 initio
1050 4117 1406 4224 decreveram,quae
1433 4137 1471 4196 et
1488 4119 1590 4198 bene

268 4245 475 4323 emendata
494 4247 674 4350 plurimis
691 4233 785 4324 locis
804 4244 1007 4325 videretur
1033 4267 1071 4327 et
1092 4278 1212 4356 quam
1239 4251 1419 4354 proxime
1445 4249 1494 4327 ad
1521 4280 1586 4328 co-

267 4377 401 4455 dicum
440 4379 673 4484 scripturam
712 4377 913 4457 accederet
947 4398 986 4458 et
1030 4409 1156 4486 pauca
1199 4382 1464 4487 relinqueret,
1499 4412 1588 4489 quae

266 4508 431 4613 intelligi
467 4537 549 4586 non
579 4527 747 4615 possent.
784 4511 933 4586 Verum
974 4539 1066 4588 mox
1102 4512 1275 4588 intellexi
1314 4540 1422 4617 spem
1462 4541 1586 4590 meam

265 4638 471 4745 deceptam
495 4668 586 4718 esse.
611 4641 750 4746 Neque
776 4642 881 4718 enim
904 4641 1045 4720 desunt
1074 4645 1115 4720 in
1137 4643 1201 4720 illa
1222 4641 1395 4720 editione
1422 4642 1522 4739 loci,
1547 4645 1586 4720 in

266 4770 414 4877 quibus
431 4772 640 4850 auctoritas
661 4771 840 4850 codicum
860 4772 967 4852 bona
986 4793 1024 4852 et
1045 4774 1151 4851 haud
1170 4772 1455 4852 contemnenda
1478 4802 1585 4878 spre-

266 4900 586 4998 tasit,editi0ne
612 4902 841 5007 Glasguensi
874 4905 988 4982 nimis
1022 4903 1191 4983 fideliter
1223 4931 1424 5010 expressa;
1455 4931 1584 5010 neque

266 5033 399 5108 omnia
421 5033 473 5108 ita
492 5033 687 5111 cohaerere
714 5033 880 5134 dixeris,
909 5054 954 5114 ut
973 5037 1173 5115 sententiae
1194 5036 1295 5114 bene
1320 5031 1583 5140 congruerent

265 5163 578 5269 copularentque
599 5191 707 5242 sensa
736 5183 870 5272 poetae.
898 5167 947 5245 Et
971 5167 1173 5272 quomodo
1205 5166 1399 5244 deteriora
1425 5165 1582 5244 asciscas

359 5298 490 5344 fatuitas·
1258 5321 1263 5334 ·
1438 5307 1458 5343 a
